3210 4162
723 322 760 378 Il.
788 323 837 378 lm
854 322 1086 380 economus.
1128 361 1132 368 ·
1360 326 1422 391 123

391 477 487 623 {inae
510 474 653 540 cantico:
676 477 777 559 diana
800 476 840 542 ab
864 497 918 559 epo
940 477 1073 543 laudasti
1094 482 1253 543 carraceto
1276 477 1423 543 mirabili

416 581 453 624 oc
476 565 526 623 est
547 582 569 624 u
591 580 650 625 mc.
689 568 721 624 et
743 581 785 624 ne
807 561 967 643 pluralem
982 561 1054 644 quis
1069 581 1123 642 epo
1137 561 1256 626 habere
1272 561 1423 626 uideatur

389 663 525 729 negare,
550 642 698 726 exempla
719 643 843 740 passim
862 644 998 708 inuenta
1012 665 1182 727 ponemus.
1216 644 1423 709 Latomius

390 727 581 792 condiscens
603 747 694 791 meus
715 748 753 790 m
775 726 914 810 quodam
930 728 1099 812 quereloso
1116 728 1259 792 carmine
1274 729 1320 792 sic
1335 729 1422 793 fatus

390 814 456 875 est:
484 830 537 894 epo
566 812 646 893 quid
673 813 775 876 dacus
803 813 925 893 acturi,
954 813 1069 893 quibus
1091 815 1165 894 apri
1184 817 1262 877 saut
1282 813 1423 894 direpti?
1449 832 1462 874 s

389 914 446 976 eye
469 896 521 958 hic
543 915 603 991 pro
626 913 686 959 nos
706 895 851 976 positum
874 899 931 959 est.
969 895 1135 959 Fassica
1157 916 1285 978 quoque
1299 895 1423 959 femina

390 981 459 1043 tam
482 998 613 1062 sapiens
635 982 669 1042 et
691 981 759 1042 tam
782 979 967 1060 scolastica,
991 982 1028 1042 ut
1048 998 1169 1043 nomen
1185 979 1254 1042 eius
1270 980 1422 1061 usquein

392 1063 476 1126 diem
506 1083 569 1146 quo
599 1061 688 1128 orbis
712 1061 775 1126 erit
796 1067 882 1126 certe
912 1062 982 1127 siue
1005 1061 1111 1126 dubiis
1134 1062 1329 1140 celebretur,
1358 1062 1424 1128 hoc

390 1147 477 1210 inter
506 1151 613 1210 cetera
641 1167 700 1210 usa
727 1150 778 1209 est
806 1146 971 1228 exemplo:
999 1151 1110 1227 patres
1137 1167 1191 1228 epo
1219 1147 1425 1212 tradiderunt

391 1231 502 1295 omnia
523 1229 639 1312 quibus
660 1230 784 1294 utimur
803 1231 939 1310 peritiae
963 1232 1191 1306 iustrumenta,
1225 1229 1288 1293 hoc
1316 1230 1463 1294 dicerem

390 1312 471 1376 mihi
494 1313 624 1377 uidetur
645 1313 738 1377 nobis
759 1312 1093 1394 tradidcruatpatres.
1125 1312 1329 1376 Serricius
1345 1333 1423 1396 quo-

391 1417 453 1479 que
476 1395 689 1461 Ciceronis
711 1402 822 1478 pater:
845 1398 924 1476 quid
945 1396 1060 1479 inquid
1082 1416 1136 1479 epo
1158 1398 1230 1462 uita
1252 1396 1423 1479 carpitur?

390 1481 453 1545 hoc
486 1483 536 1544 est
568 1480 674 1543 dicere
706 1484 850 1544 nesciam
880 1480 932 1544 uel
961 1481 1064 1543 nostri
1095 1481 1175 1547 uita.
1219 1480 1275 1542 sed
1304 1481 1343 1542 de
1372 1479 1423 1544 his

390 1564 470 1629 satis
492 1565 556 1628 ista
577 1563 760 1645 sufficiant,
790 1584 866 1626 nem
895 1562 989 1627 etde
1014 1565 1128 1627 ceteris
1151 1563 1263 1627 eadem
1285 1567 1423 1646 possunt

391 1647 548 1732 intellegi.
1437 1669 1462 1710 15

477 1730 600 1796 Uerum
635 1728 875 1814 Galbungus
913 1732 946 1792 et
978 1728 1219 1793 Terrentius
1253 1733 1423 1812 quattuor·

392 1814 494 1878 decim
517 1814 630 1877 diebus
653 1813 855 1895 totidemque
877 1811 1026 1876 noctibus
1049 1814 1084 1876 in
1107 1813 1317 1876 contentione
1335 1834 1424 1876 man·

391 1898 470 1962 sisse
482 1897 677 1960 refferuntur
693 1896 761 1979 tali,
778 1900 815 1960 ut
830 1896 857 1960 si
873 1915 927 1978 epo
943 1895 1130 1959 uocatiuum
1147 1917 1273 1959 cessum
1289 1895 1424 1959 haberet

392 1984 538 2046 autnon
560 1980 710 2057 haberet,
735 2000 774 2043 ex
798 1979 948 2042 omnibus
971 1978 1139 2043 doctorum
1162 1982 1307 2042 ueterum
1322 1979 1423 2042 tradi-

390 2065 538 2130 tionibus
566 2064 797 2146 approberent.
842 2062 1085 2127 Torrentius
1117 2062 1301 2126 rennuebat
1328 2082 1463 2126 uoce-ro

392 2149 496 2213 buum
512 2169 638 2212 cassum
654 2166 708 2229 epo
723 2147 857 2224 habere,
878 2145 933 2229 qui
949 2166 1060 2210 cessus
1075 2146 1244 2211 uocatiuus
1263 2145 1424 2210 secundae

392 2253 518 2315 semper
540 2252 701 2315 personae
724 2229 859 2313 adiungi
883 2229 995 2307 debet,
1027 2250 1081 2312 epo
1103 2233 1212 2294 autem
1228 2228 1268 2293 ad
1283 2228 1423 2312 primam

391 2336 563 2400 personam
586 2336 714 2397 semper
735 2313 921 2398 pertinebit.
967 2312 1204 2395 Galbungus
1227 2315 1325 2377 etiam
1348 2313 1424 2377 huic

391 2399 576 2482 pronomini
601 2397 788 2461 uocatiuum
811 2417 937 2460 cassum
960 2396 1104 2459 accidere
1120 2416 1215 2478 posse
1231 2395 1423 2477 adfirmauit,

392 2485 428 2546 in
455 2498 497 2546 veo
530 2482 705 2565 praecipue
737 2482 821 2561 loco,
856 2480 911 2542 ubi
940 2479 1000 2542 sub
1033 2479 1297 2563 interrogationis
1328 2480 1462 2543 modone

391 2566 527 2631 uerbum
551 2566 674 2649 primae
697 2584 856 2648 personae
878 2563 1069 2646 haberetur,
1092 2566 1130 2626 ut
1151 2564 1178 2626 si
1195 2561 1281 2626 dicas
1297 2583 1314 2626 o
1330 2582 1424 2645 epona

391 2655 471 2715 recte
489 2651 552 2730 feci
572 2650 624 2715 ael
646 2648 739 2714 dixi?
761 2647 818 2712 sed
840 2647 895 2710 hic
917 2647 1085 2711 uocatiuus
1107 2646 1140 2710 id
1162 2649 1213 2710 est
1232 2666 1285 2728 epo
1301 2647 1423 2729 absque

393 2754 410 2799 ο
433 2738 466 2797 et
486 2754 526 2798 nc
548 2734 733 2797 adiumento
757 2731 1060 2812 circumpositorum
1076 2734 1203 2793 exstare
1215 2751 1282 2793 non
1302 2734 1420 2812 potest.

391 2818 472 2881 haec
494 2839 567 2882 cum
591 2817 631 2881 ad
652 2818 827 2880 Aeneam
851 2813 995 2897 quaestio
1018 2835 1069 2877 me
1090 2813 1294 2877 internuntio
1317 2813 1424 2876 reffer-

392 2905 496 2983 retur,
512 2902 560 2964 ite
575 2921 646 2965 eam
661 2898 830 2964 uerissime
846 2897 1058 2977 euentilauit,
1080 2902 1118 2961 ut
1139 2897 1214 2980 quie
1228 2916 1283 2979 cpe
1297 2898 1423 2979 primae
1436 2921 1463 2962 ro

392 3005 547 3068 personne
570 3004 691 3047 nomen
713 2986 780 3060 est,
806 2985 839 3045 et
861 2983 997 3046 uerbum
1013 2981 1136 3064 primae
1151 3001 1309 3063 personae
1324 2979 1424 3063 impe·

391 3069 533 3132 ratiuum
549 3067 680 3130 modum
692 3065 879 3142 nonhabet,
897 3065 948 3129 cui
959 3064 1164 3129 accusatiuus
1177 3084 1286 3127 cessus
1297 3084 1426 3146 semper

393 3151 593 3231 annectitur,
617 3153 696 3214 tunc
719 3149 945 3214 tantummodo
960 3148 1024 3210 hoc
1039 3167 1221 3230 pronomen
1237 3146 1424 3210 uocatiuum

394 3257 518 3299 cassum
541 3234 715 3313 retineret,
747 3253 820 3298 cum
844 3233 904 3296 sub
927 3231 1197 3316 interrogationis
1219 3232 1315 3294 modo
1339 3229 1425 3295 dice·

325 3502 328 3507 Α
463 3428 992 3520 11auear1rpstgriuurum]
1017 3446 1280 3516 remunerat.
1301 3447 1423 3517 concep
1539 3419 1541 3424 ’

393 3517 610 3641 igggbdrirnff
633 3517 749 3573 easdem
767 3517 802 3572 N
814 3519 825 3586 ΙΙ
842 3523 875 3572 23
899 3515 1074 3584 Ganbungus
1092 3514 1127 3571 N
1139 3515 1150 3584 ΙΙ
1168 3520 1202 3569 28
1219 3515 1299 3570 etare
1317 3513 1351 3568 N
1363 3516 1374 3584 ΙΙ
1392 3519 1425 3568 29
