<?xml version="1.0" encoding="UTF-8"?>
<!DOCTYPE html PUBLIC "-//W3C//DTD XHTML 1.0 Transitional//EN"
    "http://www.w3.org/TR/xhtml1/DTD/xhtml1-transitional.dtd">
<html xmlns="http://www.w3.org/1999/xhtml" xml:lang="en" lang="en">
 <head>
  <title>
</title>
<meta http-equiv="Content-Type" content="text/html;charset=utf-8" />
  <meta name='ocr-system' content='tesseract 3.04.00' />
  <meta name='ocr-capabilities' content='ocr_page ocr_carea ocr_par ocr_line ocrx_word'/>
</head>
<body>
  <div class='ocr_page' id='page_1' title='image "./opera02virggoog_0072.png"; bbox 0 0 3210 4162; ppageno 0'>
   <div class='ocr_carea' id='block_1_1' title="bbox 600 291 1300 361">
    <p class='ocr_par' dir='ltr' id='par_1_1' title="bbox 600 291 1300 361">
     <span class='ocr_line' id='line_1_1' title="bbox 600 291 1300 361; baseline 0.01 -15"><span class='ocrx_word' id='word_1_1' title='bbox 600 291 647 349; x_wconf 90' lang='lat' dir='ltr'>Vl.</span> <span class='ocrx_word' id='word_1_2' title='bbox 677 292 726 347; x_wconf 83' lang='lat' dir='ltr'>DE</span> <span class='ocrx_word' id='word_1_3' title='bbox 744 292 975 350; x_wconf 76' lang='lat' dir='ltr'><strong><em>PRONOMINE.</em></strong></span> <span class='ocrx_word' id='word_1_4' title='bbox 1259 298 1300 361; x_wconf 79' lang='grc'>47</span> 
     </span>
    </p>
   </div>
   <div class='ocr_carea' id='block_1_2' title="bbox 267 445 1339 1871">
    <p class='ocr_par' dir='ltr' id='par_1_2' title="bbox 267 445 1339 1871">
     <span class='ocr_line' id='line_1_2' title="bbox 269 445 1301 534; baseline 0.002 -24"><span class='ocrx_word' id='word_1_5' title='bbox 269 466 337 510; x_wconf 90' lang='lat' dir='ltr'>non</span> <span class='ocrx_word' id='word_1_6' title='bbox 360 448 435 510; x_wconf 84' lang='lat' dir='ltr'>stat.</span> <span class='ocrx_word' id='word_1_7' title='bbox 469 445 556 510; x_wconf 89' lang='lat' dir='ltr'>inter</span> <span class='ocrx_word' id='word_1_8' title='bbox 577 447 607 511; x_wconf 81' lang='lat' dir='ltr'>ia</span> <span class='ocrx_word' id='word_1_9' title='bbox 629 449 663 510; x_wconf 91' lang='lat' dir='ltr'>et</span> <span class='ocrx_word' id='word_1_10' title='bbox 683 447 734 511; x_wconf 79' lang='lat' dir='ltr'>irio</span> <span class='ocrx_word' id='word_1_11' title='bbox 748 446 811 511; x_wconf 91' lang='lat' dir='ltr'>hoo</span> <span class='ocrx_word' id='word_1_12' title='bbox 826 447 934 525; x_wconf 77' lang='lat' dir='ltr'>distat,</span> <span class='ocrx_word' id='word_1_13' title='bbox 949 446 1035 532; x_wconf 89' lang='lat' dir='ltr'>quod</span> <span class='ocrx_word' id='word_1_14' title='bbox 1049 447 1078 513; x_wconf 79' lang='lat' dir='ltr'>is</span> <span class='ocrx_word' id='word_1_15' title='bbox 1093 447 1301 534; x_wconf 82' lang='lat' dir='ltr'>subiungitur</span> 
     </span>
     <span class='ocr_line' id='line_1_3' title="bbox 269 530 1301 597; baseline 0.001 -2"><span class='ocrx_word' id='word_1_16' title='bbox 269 534 307 595; x_wconf 92' lang='lat' dir='ltr'>ut</span> <span class='ocrx_word' id='word_1_17' title='bbox 329 535 365 596; x_wconf 82' lang='lat' dir='ltr'>at</span> <span class='ocrx_word' id='word_1_18' title='bbox 385 533 422 596; x_wconf 83' lang='lat' dir='ltr'>is.</span> <span class='ocrx_word' id='word_1_19' title='bbox 458 530 514 595; x_wconf 89' lang='lat' dir='ltr'>sed</span> <span class='ocrx_word' id='word_1_20' title='bbox 534 533 645 594; x_wconf 89' lang='lat' dir='ltr'>tamen</span> <span class='ocrx_word' id='word_1_21' title='bbox 661 531 688 594; x_wconf 92' lang='lat' dir='ltr'>si</span> <span class='ocrx_word' id='word_1_22' title='bbox 704 531 967 596; x_wconf 80' lang='lat' dir='ltr'>coniunctionem</span> <span class='ocrx_word' id='word_1_23' title='bbox 983 533 1223 597; x_wconf 76' lang='lat' dir='ltr'>subiunctiuam</span> <span class='ocrx_word' id='word_1_24' title='bbox 1238 533 1301 596; x_wconf 91' lang='lat' dir='ltr'>sibi</span> 
     </span>
     <span class='ocr_line' id='line_1_4' title="bbox 270 613 1300 700; baseline 0.002 -22"><span class='ocrx_word' id='word_1_25' title='bbox 270 613 423 678; x_wconf 87' lang='lat' dir='ltr'>habuerit</span> <span class='ocrx_word' id='word_1_26' title='bbox 451 614 650 697; x_wconf 79' lang='lat' dir='ltr'>copulatam,</span> <span class='ocrx_word' id='word_1_27' title='bbox 679 616 709 679; x_wconf 82' lang='lat' dir='ltr'>is</span> <span class='ocrx_word' id='word_1_28' title='bbox 736 615 892 698; x_wconf 82' lang='lat' dir='ltr'>praeponi</span> <span class='ocrx_word' id='word_1_29' title='bbox 921 619 1046 700; x_wconf 85' lang='lat' dir='ltr'>potest,</span> <span class='ocrx_word' id='word_1_30' title='bbox 1075 620 1113 681; x_wconf 90' lang='lat' dir='ltr'>ut</span> <span class='ocrx_word' id='word_1_31' title='bbox 1133 618 1163 681; x_wconf 82' lang='lat' dir='ltr'>is</span> <span class='ocrx_word' id='word_1_32' title='bbox 1184 621 1300 698; x_wconf 80' lang='lat' dir='ltr'>aurem,</span> 
     </span>
     <span class='ocr_line' id='line_1_5' title="bbox 267 699 1299 782; baseline 0.003 -18"><span class='ocrx_word' id='word_1_33' title='bbox 267 700 297 764; x_wconf 75' lang='lat' dir='ltr'>ts</span> <span class='ocrx_word' id='word_1_34' title='bbox 324 719 411 764; x_wconf 80' lang='lat' dir='ltr'>uero.</span> <span class='ocrx_word' id='word_1_35' title='bbox 456 699 507 764; x_wconf 79' lang='lat' dir='ltr'>irio</span> <span class='ocrx_word' id='word_1_36' title='bbox 534 701 642 762; x_wconf 90' lang='lat' dir='ltr'>autem</span> <span class='ocrx_word' id='word_1_37' title='bbox 671 719 797 780; x_wconf 84' lang='lat' dir='ltr'>semper</span> <span class='ocrx_word' id='word_1_38' title='bbox 824 699 1034 782; x_wconf 77' lang='lat' dir='ltr'>praeponitur</span> <span class='ocrx_word' id='word_1_39' title='bbox 1060 702 1098 762; x_wconf 84' lang='lat' dir='ltr'>ut</span> <span class='ocrx_word' id='word_1_40' title='bbox 1125 700 1177 764; x_wconf 74' lang='lat' dir='ltr'>laio</span> <span class='ocrx_word' id='word_1_41' title='bbox 1205 701 1299 769; x_wconf 75' lang='lat' dir='ltr'>enim.</span> 
     </span>
     <span class='ocr_line' id='line_1_6' title="bbox 267 781 1339 866; baseline -0.002 -20"><span class='ocrx_word' id='word_1_42' title='bbox 267 783 295 846; x_wconf 86' lang='lat' dir='ltr'>si</span> <span class='ocrx_word' id='word_1_43' title='bbox 318 781 448 866; x_wconf 89' lang='lat' dir='ltr'>quando</span> <span class='ocrx_word' id='word_1_44' title='bbox 479 783 701 847; x_wconf 79' lang='lat' dir='ltr'>coniunctioni</span> <span class='ocrx_word' id='word_1_45' title='bbox 728 783 955 865; x_wconf 87' lang='lat' dir='ltr'>praepossitiui</span> <span class='ocrx_word' id='word_1_46' title='bbox 978 784 1103 848; x_wconf 85' lang='lat' dir='ltr'>ordinis</span> <span class='ocrx_word' id='word_1_47' title='bbox 1125 783 1226 848; x_wconf 85' lang='lat' dir='ltr'>fuerit</span> <span class='ocrx_word' id='word_1_48' title='bbox 1249 804 1300 848; x_wconf 84' lang='lat' dir='ltr'>eo·</span> <span class='ocrx_word' id='word_1_49' title='bbox 1326 803 1339 844; x_wconf 81' lang='grc' dir='ltr'>ι</span> 
     </span>
     <span class='ocr_line' id='line_1_7' title="bbox 267 865 1301 965; baseline 0.002 -36"><span class='ocrx_word' id='word_1_50' title='bbox 267 865 436 949; x_wconf 82' lang='lat' dir='ltr'>palatum,</span> <span class='ocrx_word' id='word_1_51' title='bbox 460 873 538 933; x_wconf 81' lang='lat' dir='ltr'>tuno</span> <span class='ocrx_word' id='word_1_52' title='bbox 561 866 650 929; x_wconf 84' lang='lat' dir='ltr'>licito</span> <span class='ocrx_word' id='word_1_53' title='bbox 673 867 880 950; x_wconf 81' lang='lat' dir='ltr'>subiungitur</span> <span class='ocrx_word' id='word_1_54' title='bbox 902 871 938 932; x_wconf 94' lang='lat' dir='ltr'>ut</span> <span class='ocrx_word' id='word_1_55' title='bbox 953 870 1106 949; x_wconf 75' lang='lat' dir='ltr'>quonium</span> <span class='ocrx_word' id='word_1_56' title='bbox 1122 868 1183 933; x_wconf 75' lang='lat' dir='ltr'>hio.</span> <span class='ocrx_word' id='word_1_57' title='bbox 1222 868 1301 965; x_wconf 76' lang='lat' dir='ltr'>legi-</span> 
     </span>
     <span class='ocr_line' id='line_1_8' title="bbox 268 949 1301 1033; baseline 0.003 -21"><span class='ocrx_word' id='word_1_58' title='bbox 268 971 339 1013; x_wconf 85' lang='lat' dir='ltr'>mus</span> <span class='ocrx_word' id='word_1_59' title='bbox 368 950 454 1015; x_wconf 83' lang='lat' dir='ltr'>flecti</span> <span class='ocrx_word' id='word_1_60' title='bbox 480 952 542 1016; x_wconf 80' lang='lat' dir='ltr'>mei</span> <span class='ocrx_word' id='word_1_61' title='bbox 564 949 617 1014; x_wconf 87' lang='lat' dir='ltr'>uel</span> <span class='ocrx_word' id='word_1_62' title='bbox 639 951 710 1016; x_wconf 82' lang='lat' dir='ltr'>mis.</span> <span class='ocrx_word' id='word_1_63' title='bbox 756 971 855 1033; x_wconf 88' lang='lat' dir='ltr'>quare</span> <span class='ocrx_word' id='word_1_64' title='bbox 882 949 945 1014; x_wconf 90' lang='lat' dir='ltr'>hoo</span> <span class='ocrx_word' id='word_1_65' title='bbox 972 950 1126 1016; x_wconf 80' lang='lat' dir='ltr'>additur?</span> <span class='ocrx_word' id='word_1_66' title='bbox 1163 952 1226 1015; x_wconf 88' lang='lat' dir='ltr'>hoo</span> <span class='ocrx_word' id='word_1_67' title='bbox 1254 956 1301 1015; x_wconf 86' lang='lat' dir='ltr'>rta</span> 
     </span>
     <span class='ocr_line' id='line_1_9' title="bbox 267 1033 1300 1183; baseline 0.002 -87"><span class='ocrx_word' id='word_1_68' title='bbox 267 1033 539 1183; x_wconf 47' lang='lat' dir='ltr'>intelleffiendum</span> <span class='ocrx_word' id='word_1_69' title='bbox 562 1034 638 1117; x_wconf 88' lang='lat' dir='ltr'>quia</span> <span class='ocrx_word' id='word_1_70' title='bbox 651 1036 710 1099; x_wconf 79' lang='lat' dir='ltr'>mis</span> <span class='ocrx_word' id='word_1_71' title='bbox 725 1055 792 1098; x_wconf 87' lang='lat' dir='ltr'>non</span> <span class='ocrx_word' id='word_1_72' title='bbox 808 1034 928 1098; x_wconf 85' lang='lat' dir='ltr'>dieitur</span> <span class='ocrx_word' id='word_1_73' title='bbox 941 1036 1005 1100; x_wconf 86' lang='lat' dir='ltr'>nisi</span> <span class='ocrx_word' id='word_1_74' title='bbox 1021 1034 1060 1099; x_wconf 87' lang='lat' dir='ltr'>de</span> <span class='ocrx_word' id='word_1_75' title='bbox 1077 1057 1114 1099; x_wconf 87' lang='lat' dir='ltr'>ea</span> <span class='ocrx_word' id='word_1_76' title='bbox 1129 1056 1180 1116; x_wconf 85' lang='lat' dir='ltr'>re,</span> <span class='ocrx_word' id='word_1_77' title='bbox 1203 1056 1300 1118; x_wconf 86' lang='lat' dir='ltr'>quam</span> 
     </span>
     <span class='ocr_line' id='line_1_10' title="bbox 267 1117 1300 1203; baseline 0.003 -23"><span class='ocrx_word' id='word_1_78' title='bbox 267 1117 349 1181; x_wconf 91' lang='lat' dir='ltr'>mihi</span> <span class='ocrx_word' id='word_1_79' title='bbox 369 1140 388 1183; x_wconf 91' lang='lat' dir='ltr'>a</span> <span class='ocrx_word' id='word_1_80' title='bbox 431 1121 541 1203; x_wconf 90' lang='lat' dir='ltr'>aliquo</span> <span class='ocrx_word' id='word_1_81' title='bbox 559 1118 772 1201; x_wconf 87' lang='lat' dir='ltr'>repromisam</span> <span class='ocrx_word' id='word_1_82' title='bbox 787 1139 880 1202; x_wconf 88' lang='lat' dir='ltr'>spero</span> <span class='ocrx_word' id='word_1_83' title='bbox 896 1125 1084 1183; x_wconf 82' lang='lat' dir='ltr'>euenturam</span> <span class='ocrx_word' id='word_1_84' title='bbox 1093 1167 1103 1200; x_wconf 86' lang='lat'><em>‚</em></span> <span class='ocrx_word' id='word_1_85' title='bbox 1119 1121 1178 1184; x_wconf 83' lang='lat' dir='ltr'>mei</span> <span class='ocrx_word' id='word_1_86' title='bbox 1193 1121 1300 1183; x_wconf 88' lang='lat' dir='ltr'>autem</span> 
     </span>
     <span class='ocr_line' id='line_1_11' title="bbox 268 1202 1338 1288; baseline -0.002 -22"><span class='ocrx_word' id='word_1_87' title='bbox 268 1202 307 1266; x_wconf 88' lang='lat' dir='ltr'>de</span> <span class='ocrx_word' id='word_1_88' title='bbox 332 1222 369 1266; x_wconf 88' lang='lat' dir='ltr'>eo</span> <span class='ocrx_word' id='word_1_89' title='bbox 392 1205 477 1288; x_wconf 92' lang='lat' dir='ltr'>quod</span> <span class='ocrx_word' id='word_1_90' title='bbox 500 1203 541 1267; x_wconf 91' lang='lat' dir='ltr'>ad</span> <span class='ocrx_word' id='word_1_91' title='bbox 564 1222 718 1286; x_wconf 89' lang='lat' dir='ltr'>praesens</span> <span class='ocrx_word' id='word_1_92' title='bbox 740 1203 907 1285; x_wconf 77' lang='lat' dir='ltr'>possedeo.</span> <span class='ocrx_word' id='word_1_93' title='bbox 946 1206 1024 1266; x_wconf 89' lang='lat' dir='ltr'>sunt</span> <span class='ocrx_word' id='word_1_94' title='bbox 1047 1207 1080 1266; x_wconf 89' lang='lat' dir='ltr'>et</span> <span class='ocrx_word' id='word_1_95' title='bbox 1102 1203 1338 1285; x_wconf 85' lang='lat' dir='ltr'>aliaprono·1o</span> 
     </span>
     <span class='ocr_line' id='line_1_12' title="bbox 268 1285 1300 1369; baseline 0.001 -21"><span class='ocrx_word' id='word_1_96' title='bbox 268 1286 374 1366; x_wconf 86' lang='lat' dir='ltr'>mina,</span> <span class='ocrx_word' id='word_1_97' title='bbox 414 1308 497 1369; x_wconf 89' lang='lat' dir='ltr'>quae</span> <span class='ocrx_word' id='word_1_98' title='bbox 536 1285 571 1350; x_wconf 91' lang='lat' dir='ltr'>in</span> <span class='ocrx_word' id='word_1_99' title='bbox 604 1285 767 1350; x_wconf 86' lang='lat' dir='ltr'>latinitate</span> <span class='ocrx_word' id='word_1_100' title='bbox 799 1287 936 1350; x_wconf 86' lang='lat' dir='ltr'>ussitate</span> <span class='ocrx_word' id='word_1_101' title='bbox 969 1307 1038 1350; x_wconf 92' lang='lat' dir='ltr'>non</span> <span class='ocrx_word' id='word_1_102' title='bbox 1072 1286 1235 1351; x_wconf 86' lang='lat' dir='ltr'>habentur</span> <span class='ocrx_word' id='word_1_103' title='bbox 1268 1291 1300 1351; x_wconf 83' lang='lat' dir='ltr'>et</span> 
     </span>
     <span class='ocr_line' id='line_1_13' title="bbox 267 1369 1299 1454; baseline 0.003 -22"><span class='ocrx_word' id='word_1_104' title='bbox 267 1373 381 1433; x_wconf 87' lang='lat' dir='ltr'>tamen</span> <span class='ocrx_word' id='word_1_105' title='bbox 407 1370 542 1434; x_wconf 90' lang='lat' dir='ltr'>indubie</span> <span class='ocrx_word' id='word_1_106' title='bbox 569 1369 772 1452; x_wconf 81' lang='lat' dir='ltr'>recipiuntur</span> <span class='ocrx_word' id='word_1_107' title='bbox 801 1390 921 1454; x_wconf 82' lang='lat' dir='ltr'>genere</span> <span class='ocrx_word' id='word_1_108' title='bbox 949 1369 1129 1434; x_wconf 83' lang='lat' dir='ltr'>masculino</span> <span class='ocrx_word' id='word_1_109' title='bbox 1157 1374 1195 1432; x_wconf 85' lang='lat' dir='ltr'>ut</span> <span class='ocrx_word' id='word_1_110' title='bbox 1222 1389 1299 1449; x_wconf 76' lang='lat' dir='ltr'>mua,</span> 
     </span>
     <span class='ocr_line' id='line_1_14' title="bbox 268 1453 1299 1537; baseline 0.002 -21"><span class='ocrx_word' id='word_1_111' title='bbox 268 1454 433 1537; x_wconf 81' lang='lat' dir='ltr'>genitiuus</span> <span class='ocrx_word' id='word_1_112' title='bbox 446 1455 499 1532; x_wconf 82' lang='lat' dir='ltr'>mi,</span> <span class='ocrx_word' id='word_1_113' title='bbox 516 1453 645 1517; x_wconf 88' lang='lat' dir='ltr'>datiuus</span> <span class='ocrx_word' id='word_1_114' title='bbox 656 1473 717 1534; x_wconf 85' lang='lat' dir='ltr'>mo,</span> <span class='ocrx_word' id='word_1_115' title='bbox 733 1453 936 1517; x_wconf 83' lang='lat' dir='ltr'>aecusatiuus</span> <span class='ocrx_word' id='word_1_116' title='bbox 949 1473 1045 1536; x_wconf 80' lang='lat' dir='ltr'>mum,</span> <span class='ocrx_word' id='word_1_117' title='bbox 1060 1455 1229 1518; x_wconf 86' lang='lat' dir='ltr'>uocatiuus</span> <span class='ocrx_word' id='word_1_118' title='bbox 1244 1455 1299 1535; x_wconf 80' lang='lat' dir='ltr'>mi,</span> 
     </span>
     <span class='ocr_line' id='line_1_15' title="bbox 269 1536 1300 1619; baseline 0.003 -21"><span class='ocrx_word' id='word_1_119' title='bbox 269 1536 432 1601; x_wconf 88' lang='lat' dir='ltr'>ablatiuus</span> <span class='ocrx_word' id='word_1_120' title='bbox 454 1558 505 1602; x_wconf 85' lang='lat' dir='ltr'>mo</span> <span class='ocrx_word' id='word_1_121' title='bbox 528 1540 562 1601; x_wconf 91' lang='lat' dir='ltr'>et</span> <span class='ocrx_word' id='word_1_122' title='bbox 583 1536 753 1619; x_wconf 84' lang='lat' dir='ltr'>pluraliter</span> <span class='ocrx_word' id='word_1_123' title='bbox 780 1538 826 1601; x_wconf 81' lang='lat' dir='ltr'>mi</span> <span class='ocrx_word' id='word_1_124' title='bbox 854 1556 976 1600; x_wconf 74' lang='lat' dir='ltr'>mortam</span> <span class='ocrx_word' id='word_1_125' title='bbox 998 1539 1060 1601; x_wconf 82' lang='lat' dir='ltr'>rats</span> <span class='ocrx_word' id='word_1_126' title='bbox 1082 1557 1148 1602; x_wconf 85' lang='lat' dir='ltr'>mos</span> <span class='ocrx_word' id='word_1_127' title='bbox 1171 1559 1188 1601; x_wconf 92' lang='lat' dir='ltr'>o</span> <span class='ocrx_word' id='word_1_128' title='bbox 1210 1539 1256 1601; x_wconf 83' lang='lat' dir='ltr'>mi</span> <span class='ocrx_word' id='word_1_129' title='bbox 1278 1559 1300 1601; x_wconf 82' lang='lat' dir='ltr'>a</span> 
     </span>
     <span class='ocr_line' id='line_1_16' title="bbox 267 1620 1336 1703; baseline -0.001 -19"><span class='ocrx_word' id='word_1_130' title='bbox 267 1621 345 1702; x_wconf 84' lang='lat' dir='ltr'>mis,</span> <span class='ocrx_word' id='word_1_131' title='bbox 374 1621 534 1685; x_wconf 88' lang='lat' dir='ltr'>feminino</span> <span class='ocrx_word' id='word_1_132' title='bbox 556 1641 612 1685; x_wconf 83' lang='lat' dir='ltr'>mo</span> <span class='ocrx_word' id='word_1_133' title='bbox 635 1640 706 1684; x_wconf 84' lang='lat' dir='ltr'>mae</span> <span class='ocrx_word' id='word_1_134' title='bbox 733 1639 805 1685; x_wconf 81' lang='lat' dir='ltr'>mae</span> <span class='ocrx_word' id='word_1_135' title='bbox 832 1639 921 1684; x_wconf 83' lang='lat' dir='ltr'>mam</span> <span class='ocrx_word' id='word_1_136' title='bbox 948 1639 966 1684; x_wconf 89' lang='lat' dir='ltr'>o</span> <span class='ocrx_word' id='word_1_137' title='bbox 996 1640 1051 1686; x_wconf 86' lang='lat' dir='ltr'>mu</span> <span class='ocrx_word' id='word_1_138' title='bbox 1077 1642 1099 1684; x_wconf 88' lang='lat' dir='ltr'>a</span> <span class='ocrx_word' id='word_1_139' title='bbox 1123 1640 1195 1702; x_wconf 81' lang='lat' dir='ltr'>mu,</span> <span class='ocrx_word' id='word_1_140' title='bbox 1226 1620 1336 1703; x_wconf 76' lang='lat' dir='ltr'>plu-1⁵</span> 
     </span>
     <span class='ocr_line' id='line_1_17' title="bbox 267 1703 1299 1786; baseline 0 -18"><span class='ocrx_word' id='word_1_141' title='bbox 267 1703 381 1768; x_wconf 85' lang='lat' dir='ltr'>raliter</span> <span class='ocrx_word' id='word_1_142' title='bbox 402 1726 474 1771; x_wconf 84' lang='lat' dir='ltr'>moe</span> <span class='ocrx_word' id='word_1_143' title='bbox 495 1723 624 1770; x_wconf 83' lang='lat' dir='ltr'>murum</span> <span class='ocrx_word' id='word_1_144' title='bbox 646 1705 708 1768; x_wconf 82' lang='lat' dir='ltr'>mis</span> <span class='ocrx_word' id='word_1_145' title='bbox 730 1723 800 1769; x_wconf 81' lang='lat' dir='ltr'>mos</span> <span class='ocrx_word' id='word_1_146' title='bbox 815 1723 886 1769; x_wconf 85' lang='lat' dir='ltr'>moe</span> <span class='ocrx_word' id='word_1_147' title='bbox 907 1727 928 1769; x_wconf 86' lang='lat' dir='ltr'>o</span> <span class='ocrx_word' id='word_1_148' title='bbox 943 1706 1014 1781; x_wconf 79' lang='lat' dir='ltr'>mis,</span> <span class='ocrx_word' id='word_1_149' title='bbox 1036 1708 1188 1768; x_wconf 90' lang='lat' dir='ltr'>neutrum</span> <span class='ocrx_word' id='word_1_150' title='bbox 1201 1725 1299 1786; x_wconf 77' lang='lat' dir='ltr'>maur,</span> 
     </span>
     <span class='ocr_line' id='line_1_18' title="bbox 268 1787 1297 1871; baseline 0 -21"><span class='ocrx_word' id='word_1_151' title='bbox 268 1809 328 1871; x_wconf 92' lang='lat' dir='ltr'>pro</span> <span class='ocrx_word' id='word_1_152' title='bbox 351 1808 415 1870; x_wconf 91' lang='lat' dir='ltr'>quo</span> <span class='ocrx_word' id='word_1_153' title='bbox 438 1790 473 1853; x_wconf 90' lang='lat' dir='ltr'>in</span> <span class='ocrx_word' id='word_1_154' title='bbox 496 1811 574 1853; x_wconf 87' lang='lat' dir='ltr'>ussu</span> <span class='ocrx_word' id='word_1_155' title='bbox 597 1787 735 1851; x_wconf 87' lang='lat' dir='ltr'>habetur</span> <span class='ocrx_word' id='word_1_156' title='bbox 757 1807 858 1865; x_wconf 82' lang='lat' dir='ltr'>meus,</span> <span class='ocrx_word' id='word_1_157' title='bbox 882 1789 929 1852; x_wconf 85' lang='lat' dir='ltr'>sio</span> <span class='ocrx_word' id='word_1_158' title='bbox 951 1789 1013 1852; x_wconf 86' lang='lat' dir='ltr'>erit</span> <span class='ocrx_word' id='word_1_159' title='bbox 1028 1792 1061 1853; x_wconf 86' lang='lat' dir='ltr'>et</span> <span class='ocrx_word' id='word_1_160' title='bbox 1075 1793 1126 1854; x_wconf 77' lang='lat' dir='ltr'>tue</span> <span class='ocrx_word' id='word_1_161' title='bbox 1141 1810 1201 1870; x_wconf 90' lang='lat' dir='ltr'>pro</span> <span class='ocrx_word' id='word_1_162' title='bbox 1216 1794 1297 1853; x_wconf 79' lang='lat' dir='ltr'>tuus.</span> 
     </span>
    </p>
   </div>
   <div class='ocr_carea' id='block_1_3' title="bbox 265 2002 1299 2663">
    <p class='ocr_par' dir='ltr' id='par_1_3' title="bbox 265 2002 1299 2663">
     <span class='ocr_line' id='line_1_19' title="bbox 338 2002 1299 2070; baseline -0.001 -13"><span class='ocrx_word' id='word_1_163' title='bbox 338 2010 361 2057; x_wconf 88' lang='lat'>1.</span> <span class='ocrx_word' id='word_1_164' title='bbox 380 2003 453 2058; x_wconf 74' lang='lat' dir='ltr'>Erro.</span> <span class='ocrx_word' id='word_1_165' title='bbox 470 2004 558 2060; x_wconf 78' lang='lat' dir='ltr'>Rern.</span> <span class='ocrx_word' id='word_1_166' title='bbox 576 2007 640 2070; x_wconf 80' lang='grc'><em>194,</em></span> <span class='ocrx_word' id='word_1_167' title='bbox 660 2008 706 2057; x_wconf 80' lang='lat'>15:</span> <span class='ocrx_word' id='word_1_168' title='bbox 734 2002 813 2056; x_wconf 89' lang='lat' dir='ltr'>Inter</span> <span class='ocrx_word' id='word_1_169' title='bbox 835 2002 858 2055; x_wconf 88' lang='lat' dir='ltr'>is</span> <span class='ocrx_word' id='word_1_170' title='bbox 877 2004 907 2056; x_wconf 85' lang='lat' dir='ltr'>et</span> <span class='ocrx_word' id='word_1_171' title='bbox 924 2002 970 2056; x_wconf 87' lang='lat' dir='ltr'>hio</span> <span class='ocrx_word' id='word_1_172' title='bbox 988 2004 1042 2056; x_wconf 89' lang='lat' dir='ltr'>hoe</span> <span class='ocrx_word' id='word_1_173' title='bbox 1060 2003 1231 2058; x_wconf 82' lang='lat' dir='ltr'>interest-</span> <span class='ocrx_word' id='word_1_174' title='bbox 1249 2003 1299 2057; x_wconf 86' lang='lat' dir='ltr'>sed</span> 
     </span>
     <span class='ocr_line' id='line_1_20' title="bbox 266 2069 1299 2148; baseline -0.003 -24"><span class='ocrx_word' id='word_1_175' title='bbox 266 2071 380 2124; x_wconf 86' lang='lat' dir='ltr'>tantum</span> <span class='ocrx_word' id='word_1_176' title='bbox 406 2100 440 2110; x_wconf 93' lang='lat'>-</span> <span class='ocrx_word' id='word_1_177' title='bbox 465 2069 652 2140; x_wconf 85' lang='lat' dir='ltr'>praeponitur</span> <span class='ocrx_word' id='word_1_178' title='bbox 678 2070 725 2123; x_wconf 89' lang='lat' dir='ltr'>hio</span> <span class='ocrx_word' id='word_1_179' title='bbox 751 2100 785 2110; x_wconf 88' lang='lat'><em>-</em></span> <span class='ocrx_word' id='word_1_180' title='bbox 812 2069 973 2123; x_wconf 85' lang='lat' dir='ltr'>coniunctio</span> <span class='ocrx_word' id='word_1_181' title='bbox 1001 2070 1027 2123; x_wconf 91' lang='lat' dir='ltr'>ei</span> <span class='ocrx_word' id='word_1_182' title='bbox 1053 2070 1240 2148; x_wconf 84' lang='lat' dir='ltr'>praepositivi</span> <span class='ocrx_word' id='word_1_183' title='bbox 1266 2101 1299 2109; x_wconf 88' lang='lat'>-</span> 
     </span>
     <span class='ocr_line' id='line_1_21' title="bbox 268 2135 1298 2206; baseline 0.001 -17"><span class='ocrx_word' id='word_1_184' title='bbox 268 2138 401 2205; x_wconf 88' lang='lat' dir='ltr'>quoniam</span> <span class='ocrx_word' id='word_1_185' title='bbox 425 2137 478 2195; x_wconf 86' lang='lat' dir='ltr'>hio.</span> <span class='ocrx_word' id='word_1_186' title='bbox 566 2143 590 2190; x_wconf 80' lang='grc'>6.</span> <span class='ocrx_word' id='word_1_187' title='bbox 614 2136 732 2206; x_wconf 71' lang='lat' dir='ltr'>Frapm.</span> <span class='ocrx_word' id='word_1_188' title='bbox 754 2135 846 2190; x_wconf 80' lang='lat' dir='ltr'>Moat.</span> <span class='ocrx_word' id='word_1_189' title='bbox 869 2136 916 2202; x_wconf 69' lang='lat' dir='ltr'>(of.</span> <span class='ocrx_word' id='word_1_190' title='bbox 938 2138 1033 2205; x_wconf 79' lang='lat' dir='ltr'>app.):</span> <span class='ocrx_word' id='word_1_191' title='bbox 1063 2137 1195 2206; x_wconf 76' lang='lat' dir='ltr'>Legimus</span> <span class='ocrx_word' id='word_1_192' title='bbox 1222 2135 1298 2190; x_wconf 84' lang='lat' dir='ltr'>flecti</span> 
     </span>
     <span class='ocr_line' id='line_1_22' title="bbox 265 2202 1298 2273; baseline 0.003 -16"><span class='ocrx_word' id='word_1_193' title='bbox 265 2204 325 2257; x_wconf 87' lang='lat' dir='ltr'>mei</span> <span class='ocrx_word' id='word_1_194' title='bbox 343 2205 390 2258; x_wconf 86' lang='lat' dir='ltr'>vel</span> <span class='ocrx_word' id='word_1_195' title='bbox 410 2205 464 2257; x_wconf 87' lang='lat' dir='ltr'>rnis</span> <span class='ocrx_word' id='word_1_196' title='bbox 485 2203 536 2258; x_wconf 85' lang='lat' dir='ltr'>sed</span> <span class='ocrx_word' id='word_1_197' title='bbox 555 2205 609 2256; x_wconf 86' lang='lat' dir='ltr'>mis</span> <span class='ocrx_word' id='word_1_198' title='bbox 627 2219 684 2257; x_wconf 91' lang='lat' dir='ltr'>non</span> <span class='ocrx_word' id='word_1_199' title='bbox 706 2202 863 2256; x_wconf 84' lang='lat' dir='ltr'>dieitur-</span> <span class='ocrx_word' id='word_1_200' title='bbox 885 2203 920 2257; x_wconf 89' lang='lat' dir='ltr'>de</span> <span class='ocrx_word' id='word_1_201' title='bbox 948 2218 983 2258; x_wconf 86' lang='lat' dir='ltr'>ea</span> <span class='ocrx_word' id='word_1_202' title='bbox 1010 2220 1083 2271; x_wconf 90' lang='lat' dir='ltr'>quae</span> <span class='ocrx_word' id='word_1_203' title='bbox 1104 2233 1139 2244; x_wconf 91' lang='lat'><em>-</em></span> <span class='ocrx_word' id='word_1_204' title='bbox 1159 2203 1298 2273; x_wconf 86' lang='lat' dir='ltr'>possideo.</span> 
     </span>
     <span class='ocr_line' id='line_1_23' title="bbox 267 2269 1298 2339; baseline -0.002 -15"><span class='ocrx_word' id='word_1_205' title='bbox 267 2270 338 2329; x_wconf 79' lang='lat' dir='ltr'>Eae.</span> <span class='ocrx_word' id='word_1_206' title='bbox 352 2271 441 2326; x_wconf 75' lang='lat' dir='ltr'>Bora.</span> <span class='ocrx_word' id='word_1_207' title='bbox 458 2274 523 2336; x_wconf 80' lang='lat'><strong><em>194,</em></strong></span> <span class='ocrx_word' id='word_1_208' title='bbox 542 2274 588 2324; x_wconf 86' lang='lat'>11:</span> <span class='ocrx_word' id='word_1_209' title='bbox 615 2269 749 2339; x_wconf 79' lang='lat' dir='ltr'>Legimus</span> <span class='ocrx_word' id='word_1_210' title='bbox 766 2269 841 2324; x_wconf 82' lang='lat' dir='ltr'>flecti</span> <span class='ocrx_word' id='word_1_211' title='bbox 856 2299 886 2310; x_wconf 89' lang='lat'><em>-</em></span> <span class='ocrx_word' id='word_1_212' title='bbox 901 2277 931 2324; x_wconf 80' lang='lat' dir='ltr'>et</span> <span class='ocrx_word' id='word_1_213' title='bbox 947 2272 1099 2324; x_wconf 82' lang='lat' dir='ltr'>venturam</span> <span class='ocrx_word' id='word_1_214' title='bbox 1114 2269 1298 2338; x_wconf 85' lang='lat' dir='ltr'>-possideo</span> 
     </span>
     <span class='ocr_line' id='line_1_24' title="bbox 269 2336 1298 2406; baseline -0.003 -14"><span class='ocrx_word' id='word_1_215' title='bbox 269 2346 309 2394; x_wconf 89' lang='grc'>10.</span> <span class='ocrx_word' id='word_1_216' title='bbox 327 2338 395 2397; x_wconf 68' lang='lat' dir='ltr'>auid</span> <span class='ocrx_word' id='word_1_217' title='bbox 414 2342 479 2404; x_wconf 83' lang='lat'><strong><em>196,</em></strong></span> <span class='ocrx_word' id='word_1_218' title='bbox 498 2341 546 2392; x_wconf 79' lang='lat'>14:</span> <span class='ocrx_word' id='word_1_219' title='bbox 575 2339 648 2392; x_wconf 82' lang='lat' dir='ltr'>Sunt</span> <span class='ocrx_word' id='word_1_220' title='bbox 664 2337 722 2390; x_wconf 84' lang='lat' dir='ltr'>alia</span> <span class='ocrx_word' id='word_1_221' title='bbox 733 2336 902 2406; x_wconf 88' lang='lat' dir='ltr'>pronomina</span> <span class='ocrx_word' id='word_1_222' title='bbox 914 2367 945 2376; x_wconf 92' lang='lat'>-</span> <span class='ocrx_word' id='word_1_223' title='bbox 959 2338 1066 2391; x_wconf 85' lang='lat' dir='ltr'>usitata</span> <span class='ocrx_word' id='word_1_224' title='bbox 1077 2368 1111 2378; x_wconf 89' lang='lat'>—</span> <span class='ocrx_word' id='word_1_225' title='bbox 1123 2337 1164 2390; x_wconf 71' lang='lat' dir='ltr'>itii</span> <span class='ocrx_word' id='word_1_226' title='bbox 1182 2336 1298 2390; x_wconf 88' lang='lat' dir='ltr'>dubiam</span> 
     </span>
     <span class='ocr_line' id='line_1_25' title="bbox 266 2404 1298 2473; baseline 0 -15"><span class='ocrx_word' id='word_1_227' title='bbox 266 2405 459 2473; x_wconf 69' lang='lat' dir='ltr'>reioipiuntur</span> <span class='ocrx_word' id='word_1_228' title='bbox 475 2436 506 2445; x_wconf 89' lang='lat'>—</span> <span class='ocrx_word' id='word_1_229' title='bbox 520 2422 583 2458; x_wconf 86' lang='lat' dir='ltr'>mua</span> <span class='ocrx_word' id='word_1_230' title='bbox 600 2404 639 2458; x_wconf 91' lang='lat' dir='ltr'>mi</span> <span class='ocrx_word' id='word_1_231' title='bbox 657 2421 704 2459; x_wconf 91' lang='lat' dir='ltr'>mo</span> <span class='ocrx_word' id='word_1_232' title='bbox 722 2421 801 2457; x_wconf 91' lang='lat' dir='ltr'>mum</span> <span class='ocrx_word' id='word_1_233' title='bbox 818 2404 859 2457; x_wconf 95' lang='lat' dir='ltr'>mi</span> <span class='ocrx_word' id='word_1_234' title='bbox 876 2419 923 2458; x_wconf 92' lang='lat' dir='ltr'>mo</span> <span class='ocrx_word' id='word_1_235' title='bbox 941 2404 1047 2472; x_wconf 80' lang='lat' dir='ltr'>plurali</span> <span class='ocrx_word' id='word_1_236' title='bbox 1064 2405 1105 2457; x_wconf 93' lang='lat' dir='ltr'>mi</span> <span class='ocrx_word' id='word_1_237' title='bbox 1117 2435 1150 2444; x_wconf 91' lang='lat'>-</span> <span class='ocrx_word' id='word_1_238' title='bbox 1162 2404 1298 2458; x_wconf 88' lang='lat' dir='ltr'>feminino</span> 
     </span>
     <span class='ocr_line' id='line_1_26' title="bbox 266 2471 1299 2540; baseline -0.003 -14"><span class='ocrx_word' id='word_1_239' title='bbox 266 2489 314 2526; x_wconf 89' lang='lat' dir='ltr'>ma</span> <span class='ocrx_word' id='word_1_240' title='bbox 337 2501 370 2512; x_wconf 90' lang='lat'>-</span> <span class='ocrx_word' id='word_1_241' title='bbox 393 2474 423 2526; x_wconf 85' lang='lat' dir='ltr'>et</span> <span class='ocrx_word' id='word_1_242' title='bbox 450 2472 611 2540; x_wconf 89' lang='lat' dir='ltr'>plurali-</span> <span class='ocrx_word' id='word_1_243' title='bbox 634 2486 694 2524; x_wconf 90' lang='lat' dir='ltr'>mas</span> <span class='ocrx_word' id='word_1_244' title='bbox 722 2486 739 2523; x_wconf 95' lang='lat' dir='ltr'>o</span> <span class='ocrx_word' id='word_1_245' title='bbox 762 2486 780 2522; x_wconf 92' lang='lat' dir='ltr'>a</span> <span class='ocrx_word' id='word_1_246' title='bbox 801 2471 854 2523; x_wconf 90' lang='lat' dir='ltr'>mis</span> <span class='ocrx_word' id='word_1_247' title='bbox 879 2475 981 2525; x_wconf 86' lang='lat' dir='ltr'>neutro</span> <span class='ocrx_word' id='word_1_248' title='bbox 1005 2501 1038 2512; x_wconf 95' lang='lat'><em>-</em></span> <span class='ocrx_word' id='word_1_249' title='bbox 1062 2487 1118 2539; x_wconf 90' lang='lat' dir='ltr'>quo</span> <span class='ocrx_word' id='word_1_250' title='bbox 1146 2473 1242 2525; x_wconf 82' lang='lat' dir='ltr'>autem</span> <span class='ocrx_word' id='word_1_251' title='bbox 1266 2500 1299 2511; x_wconf 91' lang='lat'><em>-</em></span> 
     </span>
     <span class='ocr_line' id='line_1_27' title="bbox 266 2536 1298 2606; baseline 0 -14"><span class='ocrx_word' id='word_1_252' title='bbox 266 2540 342 2592; x_wconf 85' lang='lat' dir='ltr'>tuus.</span> <span class='ocrx_word' id='word_1_253' title='bbox 377 2538 448 2596; x_wconf 70' lang='lat' dir='ltr'>Ero.</span> <span class='ocrx_word' id='word_1_254' title='bbox 471 2538 565 2593; x_wconf 78' lang='lat' dir='ltr'>Naue.</span> <span class='ocrx_word' id='word_1_255' title='bbox 581 2553 614 2606; x_wconf 70' lang='grc' dir='ltr'>Ρ.</span> <span class='ocrx_word' id='word_1_256' title='bbox 633 2542 679 2592; x_wconf 86' lang='lat'>19:</span> <span class='ocrx_word' id='word_1_257' title='bbox 711 2536 784 2590; x_wconf 89' lang='lat' dir='ltr'>Sunt</span> <span class='ocrx_word' id='word_1_258' title='bbox 805 2537 863 2591; x_wconf 88' lang='lat' dir='ltr'>alia</span> <span class='ocrx_word' id='word_1_259' title='bbox 884 2567 917 2577; x_wconf 95' lang='lat'><em>-</em></span> <span class='ocrx_word' id='word_1_260' title='bbox 940 2538 1045 2593; x_wconf 82' lang='lat' dir='ltr'>usitate</span> <span class='ocrx_word' id='word_1_261' title='bbox 1068 2569 1102 2578; x_wconf 96' lang='lat'><strong>—</strong></span> <span class='ocrx_word' id='word_1_262' title='bbox 1124 2538 1242 2592; x_wconf 89' lang='lat' dir='ltr'>indubie</span> <span class='ocrx_word' id='word_1_263' title='bbox 1266 2569 1298 2578; x_wconf 94' lang='lat'><em>-</em></span> 
     </span>
     <span class='ocr_line' id='line_1_28' title="bbox 267 2609 396 2663; baseline 0.031 -5"><span class='ocrx_word' id='word_1_264' title='bbox 267 2609 396 2663; x_wconf 81' lang='lat' dir='ltr'>museto.</span> 
     </span>
    </p>
   </div>
   <div class='ocr_carea' id='block_1_4' title="bbox 266 2787 1303 3175">
    <p class='ocr_par' dir='ltr' id='par_1_4' title="bbox 266 2787 1303 3175">
     <span class='ocr_line' id='line_1_29' title="bbox 339 2787 1299 2923; baseline -0.001 -81"><span class='ocrx_word' id='word_1_265' title='bbox 339 2796 351 2842; x_wconf 94' lang='lat'>1</span> <span class='ocrx_word' id='word_1_266' title='bbox 373 2788 460 2923; x_wconf 42' lang='lat' dir='ltr'>quod]</span> <span class='ocrx_word' id='word_1_267' title='bbox 482 2805 538 2856; x_wconf 90' lang='lat' dir='ltr'>quo</span> <span class='ocrx_word' id='word_1_268' title='bbox 555 2789 589 2842; x_wconf 78' lang='lat' dir='ltr'>in</span> <span class='ocrx_word' id='word_1_269' title='bbox 605 2803 662 2843; x_wconf 82' lang='lat' dir='ltr'>raa.</span> <span class='ocrx_word' id='word_1_270' title='bbox 680 2790 713 2843; x_wconf 92' lang='lat' dir='ltr'><strong><em>N</em></strong></span> <span class='ocrx_word' id='word_1_271' title='bbox 714 2789 761 2907; x_wconf 48' lang='lat' dir='ltr'>R?</span> <span class='ocrx_word' id='word_1_272' title='bbox 778 2788 934 2906; x_wconf 55' lang='lat' dir='ltr'>prpppponi</span> <span class='ocrx_word' id='word_1_273' title='bbox 951 2789 1002 2867; x_wconf 72' lang='lat' dir='ltr'>le</span> <span class='ocrx_word' id='word_1_274' title='bbox 1015 2789 1045 2841; x_wconf 85' lang='lat' dir='ltr'>at</span> <span class='ocrx_word' id='word_1_275' title='bbox 1062 2787 1086 2840; x_wconf 85' lang='lat' dir='ltr'>is</span> <span class='ocrx_word' id='word_1_276' title='bbox 1109 2790 1143 2864; x_wconf 76' lang='lat' dir='ltr'>ut</span> <span class='ocrx_word' id='word_1_277' title='bbox 1159 2788 1183 2841; x_wconf 92' lang='lat' dir='ltr'>is</span> <span class='ocrx_word' id='word_1_278' title='bbox 1202 2790 1299 2866; x_wconf 80' lang='lat' dir='ltr'>autern</span> 
     </span>
     <span class='ocr_line' id='line_1_30' title="bbox 266 2854 1303 2924; baseline -0.004 -12"><span class='ocrx_word' id='word_1_279' title='bbox 266 2857 302 2912; x_wconf 92' lang='lat' dir='ltr'><em>N</em></span> <span class='ocrx_word' id='word_1_280' title='bbox 316 2863 364 2913; x_wconf 83' lang='lat' dir='ltr'>oet.</span> <span class='ocrx_word' id='word_1_281' title='bbox 383 2872 435 2911; x_wconf 85' lang='lat' dir='ltr'>om.</span> <span class='ocrx_word' id='word_1_282' title='bbox 458 2857 623 2924; x_wconf 72' lang='lat' dir='ltr'>llautem]</span> <span class='ocrx_word' id='word_1_283' title='bbox 644 2870 695 2910; x_wconf 84' lang='lat' dir='ltr'>om.</span> <span class='ocrx_word' id='word_1_284' title='bbox 761 2855 805 2922; x_wconf 75' lang='grc' dir='ltr'>ΙΗ</span> <span class='ocrx_word' id='word_1_285' title='bbox 843 2870 870 2907; x_wconf 84' lang='lat' dir='ltr'>ro</span> <span class='ocrx_word' id='word_1_286' title='bbox 888 2870 964 2908; x_wconf 82' lang='lat' dir='ltr'>enim</span> <span class='ocrx_word' id='word_1_287' title='bbox 981 2855 1057 2908; x_wconf 83' lang='lat' dir='ltr'>mter</span> <span class='ocrx_word' id='word_1_288' title='bbox 1075 2871 1133 2908; x_wconf 87' lang='lat' dir='ltr'>mer</span> <span class='ocrx_word' id='word_1_289' title='bbox 1152 2857 1182 2908; x_wconf 90' lang='lat' dir='ltr'>et</span> <span class='ocrx_word' id='word_1_290' title='bbox 1198 2872 1251 2907; x_wconf 81' lang='lat' dir='ltr'>nne</span> <span class='ocrx_word' id='word_1_291' title='bbox 1268 2854 1303 2908; x_wconf 88' lang='lat' dir='ltr'><strong><em>N</em></strong></span> 
     </span>
     <span class='ocr_line' id='line_1_31' title="bbox 269 2921 1297 3038; baseline -0.005 -24"><span class='ocrx_word' id='word_1_292' title='bbox 269 2963 318 3014; x_wconf 83' lang='lat' dir='ltr'>oet.</span> <span class='ocrx_word' id='word_1_293' title='bbox 339 2972 391 3012; x_wconf 86' lang='lat' dir='ltr'>om.</span> <span class='ocrx_word' id='word_1_294' title='bbox 410 2957 422 3026; x_wconf 81' lang='grc' dir='ltr'>ΙΙ</span> <span class='ocrx_word' id='word_1_295' title='bbox 439 2960 454 3009; x_wconf 88' lang='lat'>5</span> <span class='ocrx_word' id='word_1_296' title='bbox 478 2923 675 3025; x_wconf 69' lang='lat' dir='ltr'>coniunctioni</span> <span class='ocrx_word' id='word_1_297' title='bbox 695 2956 724 3009; x_wconf 89' lang='lat' dir='ltr'><em>P</em></span> <span class='ocrx_word' id='word_1_298' title='bbox 740 2957 750 3023; x_wconf 80' lang='lat' dir='ltr'>u</span> <span class='ocrx_word' id='word_1_299' title='bbox 767 2921 926 3038; x_wconf 73' lang='lat' dir='ltr'>prepoiitiir</span> <span class='ocrx_word' id='word_1_300' title='bbox 940 2954 968 3008; x_wconf 92' lang='lat' dir='ltr'><em>P</em></span> <span class='ocrx_word' id='word_1_301' title='bbox 980 2955 990 3023; x_wconf 80' lang='lat' dir='ltr'>ss</span> <span class='ocrx_word' id='word_1_302' title='bbox 1004 2954 1047 3013; x_wconf 76' lang='lat' dir='ltr'>tf.</span> <span class='ocrx_word' id='word_1_303' title='bbox 1061 2957 1128 3020; x_wconf 77' lang='lat' dir='ltr'>post</span> <span class='ocrx_word' id='word_1_304' title='bbox 1145 2953 1187 3007; x_wconf 90' lang='lat' dir='ltr'>ita</span> <span class='ocrx_word' id='word_1_305' title='bbox 1202 2955 1235 3008; x_wconf 79' lang='lat' dir='ltr'>ia</span> <span class='ocrx_word' id='word_1_306' title='bbox 1246 2971 1297 3024; x_wconf 72' lang='lat' dir='ltr'>mo.</span> 
     </span>
     <span class='ocr_line' id='line_1_32' title="bbox 266 3038 1298 3110; baseline -0.003 -17"><span class='ocrx_word' id='word_1_307' title='bbox 266 3041 431 3110; x_wconf 76' lang='lat' dir='ltr'>iitelegitur</span> <span class='ocrx_word' id='word_1_308' title='bbox 448 3040 477 3092; x_wconf 93' lang='lat' dir='ltr'><strong><em>P</em></strong></span> <span class='ocrx_word' id='word_1_309' title='bbox 489 3040 499 3106; x_wconf 89' lang='lat' dir='ltr'>l</span> <span class='ocrx_word' id='word_1_310' title='bbox 511 3044 596 3093; x_wconf 85' lang='lat'>8-10</span> <span class='ocrx_word' id='word_1_311' title='bbox 613 3039 667 3092; x_wconf 84' lang='lat' dir='ltr'>mis</span> <span class='ocrx_word' id='word_1_312' title='bbox 690 3039 803 3107; x_wconf 87' lang='lat' dir='ltr'>quando</span> <span class='ocrx_word' id='word_1_313' title='bbox 821 3055 847 3094; x_wconf 85' lang='lat' dir='ltr'>a.</span> <span class='ocrx_word' id='word_1_314' title='bbox 866 3056 890 3096; x_wconf 86' lang='lat' dir='ltr'>a.</span> <span class='ocrx_word' id='word_1_315' title='bbox 910 3054 992 3106; x_wconf 86' lang='lat' dir='ltr'>spero</span> <span class='ocrx_word' id='word_1_316' title='bbox 1032 3038 1180 3091; x_wconf 87' lang='lat' dir='ltr'>remissam</span> <span class='ocrx_word' id='word_1_317' title='bbox 1198 3039 1298 3091; x_wconf 87' lang='lat' dir='ltr'>ventu·</span> 
     </span>
     <span class='ocr_line' id='line_1_33' title="bbox 266 3104 1299 3175; baseline -0.005 -14"><span class='ocrx_word' id='word_1_318' title='bbox 266 3124 327 3161; x_wconf 93' lang='lat' dir='ltr'>ram</span> <span class='ocrx_word' id='word_1_319' title='bbox 345 3123 406 3161; x_wconf 92' lang='lat' dir='ltr'>rem</span> <span class='ocrx_word' id='word_1_320' title='bbox 425 3104 482 3160; x_wconf 90' lang='lat' dir='ltr'>mei</span> <span class='ocrx_word' id='word_1_321' title='bbox 501 3105 578 3174; x_wconf 89' lang='lat' dir='ltr'>quod</span> <span class='ocrx_word' id='word_1_322' title='bbox 596 3121 731 3174; x_wconf 86' lang='lat' dir='ltr'>praesens</span> <span class='ocrx_word' id='word_1_323' title='bbox 748 3125 776 3175; x_wconf 90' lang='lat' dir='ltr'>p.</span> <span class='ocrx_word' id='word_1_324' title='bbox 789 3104 823 3159; x_wconf 89' lang='lat' dir='ltr'><strong><em>N</em></strong></span> <span class='ocrx_word' id='word_1_325' title='bbox 832 3107 871 3174; x_wconf 79' lang='grc'>118</span> <span class='ocrx_word' id='word_1_326' title='bbox 889 3105 925 3159; x_wconf 90' lang='lat' dir='ltr'>de</span> <span class='ocrx_word' id='word_1_327' title='bbox 944 3105 986 3159; x_wconf 69' lang='lat' dir='ltr'>&amp;a</span> <span class='ocrx_word' id='word_1_328' title='bbox 1041 3106 1167 3173; x_wconf 77' lang='grc'><strong>1110-12</strong></span> <span class='ocrx_word' id='word_1_329' title='bbox 1186 3106 1219 3173; x_wconf 25' lang='lat' dir='ltr'>et·</span> <span class='ocrx_word' id='word_1_330' title='bbox 1233 3106 1299 3157; x_wconf 86' lang='lat' dir='ltr'>sunt</span> 
     </span>
    </p>
   </div>
   <div class='ocr_carea' id='block_1_5' title="bbox 266 3181 1298 3361">
    <p class='ocr_par' dir='ltr' id='par_1_5' title="bbox 266 3181 1298 3361">
     <span class='ocr_line' id='line_1_34' title="bbox 266 3181 1298 3277; baseline -0.006 -15"><span class='ocrx_word' id='word_1_331' title='bbox 266 3226 294 3277; x_wconf 88' lang='lat' dir='ltr'>p.</span> <span class='ocrx_word' id='word_1_332' title='bbox 315 3226 343 3276; x_wconf 91' lang='lat' dir='ltr'>q.</span> <span class='ocrx_word' id='word_1_333' title='bbox 363 3225 420 3262; x_wconf 91' lang='lat' dir='ltr'>non</span> <span class='ocrx_word' id='word_1_334' title='bbox 442 3194 542 3273; x_wconf 55' lang='lat' dir='ltr'><em>Q</em></span> <span class='ocrx_word' id='word_1_335' title='bbox 563 3210 593 3261; x_wconf 93' lang='lat' dir='ltr'>in</span> <span class='ocrx_word' id='word_1_336' title='bbox 617 3224 669 3262; x_wconf 88' lang='lat' dir='ltr'>usu</span> <span class='ocrx_word' id='word_1_337' title='bbox 692 3206 834 3261; x_wconf 86' lang='lat' dir='ltr'>habentur</span> <span class='ocrx_word' id='word_1_338' title='bbox 851 3207 885 3258; x_wconf 86' lang='lat' dir='ltr'>ut</span> <span class='ocrx_word' id='word_1_339' title='bbox 903 3181 965 3259; x_wconf 86' lang='lat' dir='ltr'>miis</span> <span class='ocrx_word' id='word_1_340' title='bbox 982 3204 1017 3260; x_wconf 88' lang='lat' dir='ltr'><strong><em>N</em></strong></span> <span class='ocrx_word' id='word_1_341' title='bbox 1031 3207 1079 3259; x_wconf 84' lang='lat' dir='ltr'>oet.</span> <span class='ocrx_word' id='word_1_342' title='bbox 1103 3218 1155 3258; x_wconf 82' lang='lat' dir='ltr'>om.</span> <span class='ocrx_word' id='word_1_343' title='bbox 1174 3205 1184 3271; x_wconf 78' lang='lat' dir='ltr'>u</span> <span class='ocrx_word' id='word_1_344' title='bbox 1203 3211 1234 3257; x_wconf 80' lang='lat'>12</span> <span class='ocrx_word' id='word_1_345' title='bbox 1255 3203 1298 3257; x_wconf 87' lang='lat' dir='ltr'>in·</span> 
     </span>
     <span class='ocr_line' id='line_1_35' title="bbox 267 3274 1298 3361; baseline -0.003 -15"><span class='ocrx_word' id='word_1_346' title='bbox 267 3293 361 3347; x_wconf 78' lang='lat' dir='ltr'>duurae</span> <span class='ocrx_word' id='word_1_347' title='bbox 380 3293 408 3346; x_wconf 88' lang='lat' dir='ltr'><strong><em>P</em></strong></span> <span class='ocrx_word' id='word_1_348' title='bbox 425 3295 435 3361; x_wconf 96' lang='grc' dir='ltr'>ιι</span> <span class='ocrx_word' id='word_1_349' title='bbox 451 3293 609 3361; x_wconf 78' lang='lat' dir='ltr'>recipietur</span> <span class='ocrx_word' id='word_1_350' title='bbox 627 3292 677 3359; x_wconf 92' lang='grc' dir='ltr'>Ρι</span> <span class='ocrx_word' id='word_1_351' title='bbox 691 3297 723 3345; x_wconf 87' lang='lat'>13</span> <span class='ocrx_word' id='word_1_352' title='bbox 742 3293 779 3361; x_wconf 76' lang='lat' dir='ltr'>gs</span> <span class='ocrx_word' id='word_1_353' title='bbox 797 3291 838 3354; x_wconf 87' lang='lat' dir='ltr'>P,</span> <span class='ocrx_word' id='word_1_354' title='bbox 862 3290 936 3358; x_wconf 47' lang='grc' dir='ltr'>ζῶ</span> <span class='ocrx_word' id='word_1_355' title='bbox 955 3290 1007 3356; x_wconf 81' lang='grc' dir='ltr'>Ριι</span> <span class='ocrx_word' id='word_1_356' title='bbox 1019 3274 1073 3342; x_wconf 64' lang='lat' dir='ltr'>lai</span> <span class='ocrx_word' id='word_1_357' title='bbox 1089 3285 1154 3341; x_wconf 79' lang='grc' dir='ltr'>ΡΝ</span> <span class='ocrx_word' id='word_1_358' title='bbox 1161 3290 1172 3356; x_wconf 95' lang='grc' dir='ltr'>ιι</span> <span class='ocrx_word' id='word_1_359' title='bbox 1185 3303 1298 3343; x_wconf 71' lang='lat' dir='ltr'>ascusa-</span> 
     </span>
    </p>
   </div>
   <div class='ocr_carea' id='block_1_6' title="bbox 266 3369 1301 3561">
    <p class='ocr_par' dir='ltr' id='par_1_6' title="bbox 266 3369 1301 3561">
     <span class='ocr_line' id='line_1_36' title="bbox 266 3369 1296 3461; baseline -0.003 -16"><span class='ocrx_word' id='word_1_360' title='bbox 266 3395 327 3447; x_wconf 77' lang='lat' dir='ltr'>ovo</span> <span class='ocrx_word' id='word_1_361' title='bbox 347 3393 377 3461; x_wconf 82' lang='grc' dir='ltr'>(ο</span> <span class='ocrx_word' id='word_1_362' title='bbox 397 3408 432 3448; x_wconf 66' lang='lat' dir='ltr'>aa</span> <span class='ocrx_word' id='word_1_363' title='bbox 448 3394 479 3458; x_wconf 79' lang='lat' dir='ltr'>u)</span> <span class='ocrx_word' id='word_1_364' title='bbox 496 3393 530 3449; x_wconf 82' lang='grc' dir='ltr'><strong><em>Ν</em></strong></span> <span class='ocrx_word' id='word_1_365' title='bbox 544 3394 583 3461; x_wconf 82' lang='grc' dir='ltr'>ιο</span> <span class='ocrx_word' id='word_1_366' title='bbox 602 3392 653 3445; x_wconf 80' lang='lat' dir='ltr'>mn</span> <span class='ocrx_word' id='word_1_367' title='bbox 670 3393 698 3446; x_wconf 83' lang='lat' dir='ltr'><em>P</em></span> <span class='ocrx_word' id='word_1_368' title='bbox 711 3392 720 3459; x_wconf 91' lang='grc' dir='ltr'>ιι</span> <span class='ocrx_word' id='word_1_369' title='bbox 736 3397 767 3445; x_wconf 78' lang='grc' dir='ltr'>ιι</span> <span class='ocrx_word' id='word_1_370' title='bbox 783 3407 864 3446; x_wconf 76' lang='lat' dir='ltr'>meae</span> <span class='ocrx_word' id='word_1_371' title='bbox 881 3369 947 3455; x_wconf 68' lang='lat' dir='ltr'>mia</span> <span class='ocrx_word' id='word_1_372' title='bbox 959 3391 988 3443; x_wconf 98' lang='grc' dir='ltr'><strong><em>Ρ</em></strong></span> <span class='ocrx_word' id='word_1_373' title='bbox 1005 3391 1015 3459; x_wconf 97' lang='grc' dir='ltr'>ιι</span> <span class='ocrx_word' id='word_1_374' title='bbox 1032 3389 1083 3457; x_wconf 76' lang='lat' dir='ltr'>pra</span> <span class='ocrx_word' id='word_1_375' title='bbox 1101 3389 1142 3455; x_wconf 87' lang='lat' dir='ltr'>P,</span> <span class='ocrx_word' id='word_1_376' title='bbox 1166 3402 1217 3443; x_wconf 80' lang='lat' dir='ltr'>om.</span> <span class='ocrx_word' id='word_1_377' title='bbox 1239 3388 1296 3456; x_wconf 79' lang='grc' dir='ltr'>Ριι</span> 
     </span>
     <span class='ocr_line' id='line_1_37' title="bbox 268 3459 1301 3561; baseline -0.003 -15"><span class='ocrx_word' id='word_1_378' title='bbox 268 3499 300 3547; x_wconf 87' lang='grc'>16</span> <span class='ocrx_word' id='word_1_379' title='bbox 319 3496 350 3548; x_wconf 86' lang='lat' dir='ltr'>et</span> <span class='ocrx_word' id='word_1_380' title='bbox 366 3497 499 3549; x_wconf 89' lang='lat' dir='ltr'>neutrum</span> <span class='ocrx_word' id='word_1_381' title='bbox 517 3493 551 3548; x_wconf 87' lang='lat' dir='ltr'><strong><em>N</em></strong></span> <span class='ocrx_word' id='word_1_382' title='bbox 559 3494 570 3560; x_wconf 84' lang='grc' dir='ltr'>ΙΙ</span> <span class='ocrx_word' id='word_1_383' title='bbox 582 3509 660 3545; x_wconf 86' lang='grc' dir='ltr'>ιιιιιιιι</span> <span class='ocrx_word' id='word_1_384' title='bbox 680 3494 733 3560; x_wconf 75' lang='grc' dir='ltr'>(ιιιι</span> <span class='ocrx_word' id='word_1_385' title='bbox 746 3495 824 3560; x_wconf 84' lang='lat' dir='ltr'>corr.)</span> <span class='ocrx_word' id='word_1_386' title='bbox 842 3491 969 3561; x_wconf 78' lang='lat' dir='ltr'>sequitur·</span> <span class='ocrx_word' id='word_1_387' title='bbox 981 3492 1011 3545; x_wconf 84' lang='lat' dir='ltr'>et</span> <span class='ocrx_word' id='word_1_388' title='bbox 1023 3492 1069 3544; x_wconf 85' lang='lat' dir='ltr'>tus</span> <span class='ocrx_word' id='word_1_389' title='bbox 1082 3459 1253 3544; x_wconf 77' lang='lat' dir='ltr'>titiii&#39;solum</span> <span class='ocrx_word' id='word_1_390' title='bbox 1266 3487 1301 3543; x_wconf 95' lang='lat' dir='ltr'><strong><em>N</em></strong></span> 
     </span>
    </p>
   </div>
   <div class='ocr_carea' id='block_1_7' title="bbox 267 3565 384 3616">
    <p class='ocr_par' dir='ltr' id='par_1_7' title="bbox 267 3565 384 3616">
     <span class='ocr_line' id='line_1_38' title="bbox 267 3565 384 3616; baseline -0.017 0"><span class='ocrx_word' id='word_1_391' title='bbox 267 3565 315 3616; x_wconf 82' lang='lat' dir='ltr'>oet.</span> <span class='ocrx_word' id='word_1_392' title='bbox 334 3577 384 3616; x_wconf 83' lang='lat' dir='ltr'>om.</span> 
     </span>
    </p>
   </div>
   <div class='ocr_carea' id='block_1_8' title="bbox 0 0 1610 4162">
    <p class='ocr_par' dir='ltr' id='par_1_8' title="bbox 0 0 1610 4162">
     <span class='ocr_line' id='line_1_39' title="bbox 0 0 1610 4162; baseline 0 1"><span class='ocrx_word' id='word_1_393' title='bbox 0 0 1610 4162; x_wconf 95' lang='lat' dir='ltr'> </span> 
     </span>
    </p>
   </div>
  </div>
 </body>
</html>
