3210 4162
734 289 797 344 VII.
826 288 874 344 DE
894 289 1025 346 UERBO.
1354 293 1397 359 65

364 441 455 505 uelut
469 443 635 525 praesenti
651 441 833 524 proximum
850 441 892 505 ob
908 442 969 507 hoc
985 443 1113 523 dicitur,
1131 444 1289 526 quianon
1306 447 1396 509 certo

365 525 418 589 uel
434 526 585 590 condicto
601 524 653 590 die
667 531 856 609 temporeua
871 527 926 590 sed
942 526 1033 610 quasi
1044 527 1164 611 passim
1177 532 1210 592 et
1221 528 1396 612 aliquantis
1416 531 1418 536 ’

364 610 457 675 horis
479 613 588 674 aetum
610 610 664 675 uel
680 610 802 675 diclum
817 611 1028 694 significatur.
1059 612 1271 695 praeteritum
1287 618 1396 677 autem

363 695 544 777 perfeetum
568 697 688 758 certius
711 716 750 758 ac
771 696 934 759 definitius
949 695 1072 758 factum
1093 717 1162 760 esse
1177 701 1395 779 monstratum

363 777 535 860 plusquam
557 778 679 842 idcirco
701 778 747 842 sic
770 779 898 855 dieitur,
921 779 997 861 quia
1018 778 1148 862 longius
1173 784 1206 843 et
1220 781 1396 863 perfectius
1422 798 1436 838 ⁵

364 861 546 925 ostenditur
567 862 736 944 inpletum,
776 863 915 945 quodam
938 883 1017 945 ergo
1039 864 1282 927 ascendentium
1304 885 1396 928 more

364 945 403 1009 de
426 945 634 1008 inferioribus
649 946 691 1010 ad
706 946 874 1028 superiora
892 945 954 1009 hoc
976 948 1025 1010 est
1046 947 1085 1010 de
1107 947 1240 1011 incertis
1264 948 1305 1012 ad
1329 969 1396 1012 oer-

363 1028 447 1092 tiora
468 1032 686 1112 peruenimus.
717 1033 844 1094 ueteres
866 1030 965 1092 etiam
986 1031 1131 1094 futurum
1154 1039 1282 1113 ternpus
1305 1032 1396 1095 uelut

362 1111 397 1175 in
420 1111 498 1176 duas
521 1112 678 1195 quasdam
700 1116 809 1196 partes
833 1113 1021 1178 diuidebant
1042 1119 1079 1177 ut
1098 1115 1209 1179 uidebo
1225 1117 1259 1178 et
1272 1117 1393 1194 uidem,

364 1196 455 1278 quasi
477 1196 559 1262 aliut
581 1198 625 1260 sit
646 1198 730 1280 quod
754 1197 897 1262 crastino
921 1201 954 1260 et
977 1200 1062 1280 quod
1079 1199 1113 1261 in
1130 1198 1229 1283 longo
1244 1202 1393 1282 tempore
1408 1218 1433 1258 10

362 1281 406 1344 eit
428 1287 629 1344 euenturum.
661 1280 747 1344 unde
770 1285 803 1344 et
824 1303 843 1344 a
865 1281 1026 1366 plerisque
1048 1303 1107 1364 pro
1128 1281 1238 1345 futuro
1253 1284 1394 1346 secundo

361 1367 508 1446 tempora
535 1365 765 1446 promissiuum
794 1364 926 1427 modum
953 1365 988 1426 in
1011 1386 1089 1427 assu
1111 1364 1286 1428 habebant.
1332 1386 1393 1429 nos

362 1452 470 1510 autern
491 1468 553 1511 nec
575 1448 724 1511 futurum
745 1448 922 1511 secundum
944 1450 1071 1529 tempus
1086 1469 1147 1511 nee
1161 1449 1393 1529 promissiuum

362 1529 492 1594 modum
507 1531 702 1613 recipientes
718 1534 751 1595 et
765 1530 851 1614 quod
865 1551 967 1613 prope
983 1536 1016 1594 et
1031 1531 1117 1613 quod
1134 1531 1231 1615 longe
1245 1533 1392 1595 futurum

362 1618 427 1691 est,
444 1615 504 1677 sub
524 1618 620 1678 unius
637 1614 742 1677 futuri
756 1614 913 1695 temporis
928 1615 1166 1697 significatione
1183 1615 1392 1679 declinamus.
1408 1633 1433 1673 ιε

362 1697 458 1760 multi
486 1698 584 1761 etiam
612 1704 742 1780 tempus
764 1698 911 1760 futurum
934 1698 1071 1761 obtatiui
1094 1698 1181 1761 modi
1204 1700 1239 1762 in
1263 1699 1394 1761 modum

361 1781 904 1930 ttulitttnlsltttttt
926 1780 1395 1948 tuttelstet&

361 1949 468 2012 tinum
496 1949 628 2012 modum
659 1948 847 2032 significent
873 1913 906 2011 id
935 1953 986 2012 est
1012 1954 1048 2012 ut
1074 1951 1202 2012 utinam
1230 1969 1270 2012 ue
1299 1951 1395 2014 donee

361 2052 521 2113 usquequo
549 2033 727 2112 usquedum
757 2032 969 2112 quoadusque.
1013 2036 1091 2095 sunt
1112 2031 1213 2095 uerba
1236 2054 1318 2115 quae
1341 2031 1393 2095 de·
1407 2049 1433 2090 ro

269 2144 272 2151 ¹
360 2115 454 2179 ficere
478 2137 535 2198 per
557 2118 705 2198 tempora
725 2115 766 2178 ab
782 2115 941 2198 imperitis
956 2119 1131 2199 putantur,
1155 2137 1192 2178 eo
1215 2116 1300 2197 quod
1322 2115 1395 2180 lite·

361 2219 469 2262 rarum
494 2200 727 2282 consequentia
748 2198 784 2262 in
807 2199 852 2262 eis
875 2219 943 2261 non
957 2199 1086 2270 uidetur
1101 2199 1229 2262 ostendi
1245 2201 1283 2261 ut
1296 2200 1394 2279 offero

361 2284 394 2344 et
423 2284 599 2365 praeterito
626 2285 773 2365 tempore
803 2282 933 2345 motatis
962 2282 1097 2364 syllabis
1119 2283 1233 2360 obtuli,
1263 2303 1393 2345 necnon

360 2367 395 2428 in
417 2367 545 2448 passiuo
568 2367 669 2430 uerbo
692 2372 838 2448 tempore
854 2366 1029 2448 praeterito
1047 2367 1170 2430 oblatus
1185 2384 1266 2429 sum.
1304 2363 1391 2447 quod

360 2450 509 2514 neforto
532 2451 673 2527 mireris,
704 2449 809 2512 dicam
832 2449 906 2526 tibi,
932 2449 1018 2532 quod
1041 2470 1116 2532 sepe
1140 2448 1273 2529 accidit,
1297 2457 1334 2511 ut
1356 2451 1390 2512 et
1403 2470 1430 2511 es

359 2534 494 2596 nomina
522 2537 555 2596 et
583 2534 778 2616 pronomina
800 2533 966 2595 literarum
989 2533 1135 2595 ordinem
1157 2552 1225 2595 non
1248 2535 1389 2610 seruent,

360 2637 434 2679 cum
462 2619 572 2681 tamen
600 2616 770 2681 intellectu
798 2616 910 2679 eadem
938 2637 1007 2679 esse
1035 2619 1210 2680 uoseautuu
1233 2618 1269 2678 ut
1291 2616 1393 2679 bouus

360 2701 470 2764 melior
485 2701 636 2779 obtimus,
659 2701 765 2765 malus
774 2700 867 2781 peior
876 2701 1035 2782 pessimus
1050 2700 1096 2762 sic
1111 2718 1196 2763 uuus
1212 2702 1245 2761 et
1259 2698 1390 2779 stupuit.

361 2783 472 2847 eodem
495 2785 592 2848 modo
615 2788 648 2848 et
669 2784 733 2847 alia
751 2782 937 2847 huiusmodi
953 2783 1052 2846 uerba
1068 2785 1165 2845 erunt
1180 2785 1216 2844 ut
1231 2782 1392 2861 transfero

427 3023 443 3070 2
457 3022 522 3084 post
540 3016 672 3071 condicto
688 3031 744 3070 ras.
764 3019 835 3070 5-6
853 3015 906 3072 litt.
919 3016 951 3068 iu
963 3015 997 3069 N
1006 3017 1016 3082 l
1030 3016 1076 3082 ue]
1092 3027 1140 3068 ure
1153 3013 1186 3067 N
1196 3014 1206 3082 ll
1219 3017 1325 3082 passu}
1336 3011 1370 3066 N
1377 3012 1392 3082 ΙΙ

360 3124 375 3172 e
393 3089 543 3184 egaeae*
554 3119 599 3185 (α
610 3121 697 3194 ωε),
711 3115 793 3185 Nnc
810 3115 948 3169 areauna
966 3115 1080 3234 unqe
1098 3097 1321 3190 ριιιᾳηαωιωῖ
1337 3111 1391 3181 ΝΗ

360 3183 878 3260 8-14veteres-recrp1entesttuu.
898 3180 932 3234 N
941 3183 951 3250 ss
966 3188 994 3234 11
1017 3187 1034 3245 a
1079 3182 1119 3240 P;
1138 3180 1204 3245 sort.
1225 3180 1312 3232 atram
1331 3178 1394 3246 ple-

360 3251 442 3318 rique
455 3251 466 3318 ll
480 3257 511 3303 12
530 3250 645 3304 modum
664 3255 797 3304 alermum
814 3250 844 3304 P
860 3250 870 3316 ll
889 3255 920 3301 15
939 3247 1005 3318 sub]
1024 3247 1074 3302 sed
1092 3248 1119 3300 P
1132 3247 1142 3313 ΙΙ
1157 3250 1257 3299 16-20
1275 3245 1393 3298 multi-

360 3317 556 3385 quoadusque'
569 3331 621 3370 om.
640 3315 676 3369 N
688 3317 699 3384 ΙΙ
716 3323 750 3370 ‘20
774 3315 888 3370 dificare
913 3314 936 3367 V
951 3316 962 3383 ss
979 3323 1008 3368 21
1033 3315 1150 3382 imperis
1168 3313 1341 3380 Ρ1121-25
1360 3327 1394 3366 eo

380 3416 582 3470 uon-mirera
599 3430 651 3470 om.
669 3414 701 3470 n
718 3417 778 3484 1122
798 3384 944 3484 ossensele
961 3416 989 3470 P
1006 3416 1016 3483 q
1033 3420 1066 3468 23
1089 3411 1206 3465 musaea
1234 3409 1285 3479 uu
1302 3410 1396 3489 open

405 3487 465 3551 1125
488 3485 568 3552 sepe]
588 3499 617 3536 se
639 3482 686 3552 Vl
699 3489 732 3535 26
751 3483 849 3537 ordina
867 3482 901 3536 N
910 3483 920 3550 ss
933 3488 966 3534 27
983 3481 1139 3534 nascantur
1160 3477 1200 3544 Vl
1219 3482 1251 3531 28
1270 3479 1395 3546 optimus

364 3551 421 3605 VN
430 3554 440 3619 ΙΙ
453 3557 485 3605 29
499 3556 565 3618 post
583 3551 667 3604 erunt
683 3551 807 3617 spatium
821 3550 863 3616 pl.
882 3550 935 3604 zue
953 3550 983 3603 P
994 3550 1004 3616 ΙΙ
1017 3549 1134 3601 huiusce
1157 3545 1181 3598 V
1218 3548 1233 3598 ¹.

412 3644 488 3693 Virgll
504 3643 539 3684 od.
553 3644 663 3684 Haemon.
1169 3636 1185 3682 5
