3210 4162
644 259 840 316 APPENDIX.

346 546 406 611 III.
438 545 753 612 FRAGMENTUM
776 544 1136 612 lllElDIOLANENSE.

305 720 359 762 1110
382 719 548 762 SECUNTUR
570 719 791 784 arnmronomp
813 718 975 761 VIRGILIUS
998 718 1184 761 PRESBYTER

657 802 823 845 meranda.

314 912 448 978 Caelum
490 912 607 976 dicitur
645 913 721 995 qnia
736 913 912 1010 'quaedam
947 912 1084 995 grandia
1117 912 1258 976 archana

229 995 343 1061 caelat.
381 994 652 1143 philosophorum
674 1000 863 1079 per1t1ss1m1
880 998 999 1059 uocant
1015 995 1118 1059 altum
1134 995 1258 1060 caelum

227 1082 265 1144 ut
286 1079 436 1143 diximus.
471 1100 506 1143 ee
543 1079 746 1144 altitudinem
763 1084 796 1144 et
810 1079 1068 1164 profunditatem
1083 1100 1259 1161 numquam

229 1163 425 1246 significant.
468 1163 607 1246 denique
634 1184 725 1228 mare
753 1165 822 1228 siue
852 1163 1007 1247 quicquid
1029 1162 1116 1227 infra
1137 1168 1258 1227 terram

202 1251 278 1312 cest
305 1249 447 1330 positum
476 1248 579 1311 altum
607 1248 801 1310 nominatur.
840 1248 925 1311 siout
946 1267 1043 1310 senex
1072 1247 1182 1311 donon
1210 1247 1258 1310 in·

228 1351 341 1394 menso
375 1330 484 1393 dolore
518 1334 688 1413 superatus
722 1330 868 1414 corporei
903 1329 978 1392 mali
1011 1333 1140 1394 noctem
1168 1329 1258 1393 uelut

228 1414 420 1497 longissima
447 1412 614 1477 fastidium
637 1413 812 1478 sustinens.
851 1433 889 1476 ac
912 1413 1010 1476 solito
1032 1412 1258 1510 languentium

228 1517 319 1560 more
354 1497 439 1560 diem
473 1497 603 1560 euenire
637 1497 841 1578 desiderum,
879 1500 1041 1578 tamquam
1076 1518 1104 1559 er
1138 1496 1259 1578 aliquid

228 1581 351 1663 requiei
374 1581 501 1661 corpori
523 1581 609 1643 foret
637 1580 806 1659 allaturus,
837 1579 896 1642 tali
924 1578 1136 1663 praedabatur
1163 1580 1260 1642 modo

191 1684 216 1725 ro
229 1665 375 1728 ‘obsecro
404 1683 464 1727 uos
493 1684 511 1726 ο
540 1663 598 1726 alti
627 1664 821 1746 quicumque
848 1663 942 1742 estis,
973 1661 1113 1726 emittite
1141 1662 1181 1725 ad
1210 1684 1261 1726 me

230 1747 332 1812 solem
360 1747 449 1810 intra
476 1747 601 1828 lucere,
632 1747 716 1812 diem
747 1748 899 1830 protinus
928 1745 1125 1810 allaturum'.
1163 1750 1259 1824 terra,

230 1852 268 1894 eo
303 1831 388 1913 quod
416 1832 552 1913 pedibus
584 1832 717 1907 teritur,
756 1832 811 1895 sed
843 1831 939 1894 aliter
967 1834 1151 1912 separatur,
1186 1831 1262 1913 quia

229 1935 267 1977 ra
293 1914 454 1996 portatrix
479 1917 517 1978 ut
545 1914 687 1996 genitrix
715 1914 750 1976 in
774 1915 876 1978 latino
899 1911 1130 1997 philosophice.
1174 1914 1260 1978 unde

230 2017 331 2093 naues
354 2018 434 2092 quae
449 2000 583 2079 portant
597 2018 686 2093 rarae
701 1997 862 2064 dicuntur.
897 2000 948 2060 ter
963 1997 1064 2079 igitur
1078 2017 1116 2060 ra
1131 1995 1260 2093 dicitur.

193 2100 336 2226 litt?
361 2100 507 2226 tlte
527 2079 895 2246 {territant
911 2079 1263 2257 {illuderit

230 2246 267 2308 in
290 2265 361 2309 eam
384 2247 469 2309 laeto
493 2247 592 2310 soluti
612 2247 702 2309 uelut
716 2246 751 2308 in
771 2247 886 2310 matris
900 2246 1032 2309 uuluam
1047 2245 1260 2310 recondimur.

230 2349 321 2392 mare
343 2329 383 2393 ab
407 2329 623 2393 amaritudine
645 2330 777 2402 dicitur,
807 2331 848 2394 ab
870 2329 999 2393 hebreis
1023 2350 1178 2411 aquarum
1200 2330 1263 2393 col-

232 2412 348 2477 lectus,
369 2434 388 2476 a
410 2412 614 2496 philosophis
637 2434 677 2478 ex
700 2413 822 2478 duobus
846 2414 1053 2498 componitur
1068 2414 1160 2478 uelut
1174 2434 1264 2497 mag·

193 2519 218 2558 ao
232 2517 276 2559 na
289 2509 351 2560 ree.
386 2496 469 2559 nulli
484 2496 667 2561 mortalium
690 2501 778 2560 nota.
817 2497 912 2560 stella
935 2497 1138 2564 destillando.
1175 2501 1262 2560 astra

233 2579 272 2643 de
306 2579 484 2642 uariaetate
513 2581 639 2662 picture
667 2583 753 2643 aster
788 2580 907 2663 quippe
938 2580 1023 2662 apud
1051 2579 1263 2663 philosophos

232 2662 339 2809 paiptor
362 2661 489 2809 dicituq
523 2663 604 2760 situs
625 2664 663 2809 lie
686 2663 925 2810 Silu'talliooer'ti
939 2663 1068 2809 uqlucer
1093 2685 1116 2811 ξ.
1143 2662 1263 2810 qeloqi·

284 2766 311 2807 e.
350 2766 468 2809 amsa
520 2767 602 2809 auus
654 2766 692 2809 oc
724 2766 758 2810 es
830 2767 882 2810 ese
927 2767 942 2809 s
983 2766 1060 2815 ocis.
1116 2767 1149 2810 es
1166 2768 1197 2811 ra
1247 2767 1264 2810 e

233 2827 327 2909 besu,
364 2828 428 2892 hoc
458 2832 508 2892 est
542 2828 721 2893 ferocitate.
764 2829 862 2894 belua
888 2830 1014 2894 marina
1042 2829 1168 2894 dicitur.
1210 2830 1264 2894 bel

194 2934 221 2977 aa
234 2912 323 2975 enim
358 2932 446 2975 mare
477 2934 497 2975 a
527 2912 733 2997 philosophis
768 2915 914 2978 uocatur.
965 2934 1039 2978 caro
1076 2935 1095 2978 a
1130 2914 1263 2979 caritate

236 2995 453 3141 copiqatiopiie.
495 3017 611 3093 corpus
642 3019 662 3060 a
685 2997 955 3143 qqmuptitilitate
977 3001 1112 3143 rratqrae
1135 2998 1265 3145 dicitqrq

235 3099 269 3141 se
338 3100 376 3143 oc
421 3100 603 3144 enomme.
639 3102 694 3144 cae
727 3101 800 3144 rum
817 3102 845 3144 er
862 3101 957 3144 omne
994 3102 1035 3144 uo
1073 3103 1158 3145 uisui
1197 3103 1249 3146 ae

236 3182 351 3244 corpus
379 3162 512 3240 dicitur,
541 3163 769 3246 requirendum
792 3165 855 3240 eet,
884 3103 1262 3248 undeqappellatnrppus.

259 3246 354 3308 usin
377 3244 541 3309 latinitate
563 3247 790 3330 philosophica
814 3248 969 3312 custodia.
1002 3248 1086 3312 sicut
1100 3249 1263 3333 origenius

195 3267 317 3392 aedicit
338 3329 465 3411 ‘positis
487 3329 523 3392 in
540 3351 620 3413 pure
641 3330 798 3394 fratribus
813 3330 900 3394 aolus
916 3330 1042 3394 euasit'.
1080 3333 1141 3396 hoc
1164 3333 1264 3396 estin

236 3431 373 3475 carcere.
412 3433 529 3496 corpus
558 3433 635 3496 ergo
665 3436 684 3477 a
708 3434 827 3478 corona
849 3415 1086 3498 circumdandi,
1112 3418 1145 3480 et
1167 3438 1186 3479 a
1209 3436 1262 3480 cu-

236 3496 340 3560 stodia
367 3496 531 3562 retinendi
553 3497 680 3561 dicitur.
725 3504 821 3582 caput
850 3520 869 3561 a
898 3500 1076 3583 capacitate
1104 3501 1262 3564 sumendi.
