3210 4162
664 319 712 376 XI.
739 318 789 373 DE
806 318 1112 378 PRAEPOSITIONE.
1361 323 1403 388 75

373 474 461 554 apnct
473 473 766 554 Constantinopolin
776 492 895 553 enonas,
905 475 995 556 apnd
1005 495 1065 557 pro
1077 477 1122 542 tn.
1138 476 1257 540 atroam
1266 475 1294 538 si
1302 474 1402 539 fuerit

371 557 584 640 praepositio,
608 558 693 638 quod
716 577 790 620 raro
813 560 923 621 tamen
947 557 1074 638 euenit,
1099 579 1156 641 per
1178 579 1211 622 m
1232 560 1419 641 scribetur,'

372 641 400 703 si
421 662 498 705 uero
515 640 674 724 loquelam
690 641 820 723 iecerit,
842 663 938 726 pern
953 643 1160 706 scribendum
1175 645 1239 725 est,
1261 665 1302 707 ue
1318 644 1402 708 sieut

371 745 449 809 sepe
471 727 671 808 notauimus‚
696 726 777 789 duae
798 726 927 790 uocales
951 747 1021 791 esse
1042 730 1199 810 putentur
1215 774 1400 793 ........

370 809 456 871 unde
469 860 476 874 .
488 858 496 873 .
510 858 517 873 .
532 809 694 892 quandam
710 809 905 891 Origines
921 809 1133 874 Atheniensis
1151 811 1288 874 uidisset
1302 813 1399 894 scrip·
1427 831 1440 871 s

370 892 521 956 titantem
545 896 578 956 et
592 891 726 976 legisset
739 893 818 956 illud
836 895 1035 958 otrenmdato
1050 895 1226 959 mnnittbns
1240 900 1269 959 et
1283 900 1401 961 ornata

371 977 535 1041 nestitibns
557 976 726 1040 subridens
750 998 767 1041 o
790 977 898 1060 inquit
920 977 1053 1060 noant,
1076 979 1155 1059 qnid
1169 979 1265 1060 apis?
1286 999 1351 1043 non
1372 983 1400 1044 to

342 1108 344 1112 -
371 1064 508 1140 oportuit
529 1062 632 1143 inopis
652 1062 835 1142 scapnam
856 1062 930 1145 fient
950 1082 1049 1142 qnam
1064 1061 1222 1141 teotonem
1244 1064 1301 1143 qni
1316 1064 1401 1128 onim

369 1145 472 1208 studet
490 1146 644 1225 pinpnoro
664 1149 876 1209 oraxatnram
896 1145 1080 1225 literarum,
1105 1150 1276 1227 antequam
1299 1146 1401 1212 sinaut

369 1230 539 1292 eorundem
561 1228 736 1309 tntettepero
758 1229 944 1308 qualitates,
969 1248 1089 1293 neeesse
1110 1229 1171 1293 erit
1191 1249 1262 1293 enm
1283 1231 1439 1293 insin-10

367 1311 453 1391 palis
475 1332 593 1376 errare.
632 1316 667 1375 tn
682 1315 788 1375 antem
810 1332 850 1376 ne
871 1313 1034 1377 scribonis
1056 1313 1256 1377 nronndato
1270 1313 1325 1377 sect
1338 1314 1400 1378 oir-

369 1396 520 1460 anndata.
557 1398 643 1459 cirea
667 1398 699 1456 et
720 1415 797 1477 erpa
819 1396 902 1457 duae
924 1394 1180 1478 praepositiones
1199 1398 1276 1458 sunt
1292 1417 1399 1460 cassus

370 1478 562 1558 aeousatini,
593 1477 648 1541 sed
676 1477 762 1541 hane
789 1478 1012 1542 diuersitatem
1039 1478 1176 1561 habent,
1206 1479 1400 1562 quodcirca

370 1560 410 1623 ad
433 1562 594 1625 nisibilem
616 1561 787 1625 materiam
811 1563 861 1625 uel
886 1561 992 1626 locum
1016 1562 1176 1645 pertinet,
1200 1583 1276 1645 erpa
1291 1566 1399 1627 autem

369 1643 410 1707 ad
426 1645 569 1709 animum
590 1649 716 1729 spectat
722 1693 732 1727 ,
754 1648 895 1710 maxime
912 1668 986 1710 cum
1001 1646 1143 1729 aliquem
1155 1647 1400 1791 propensiorem
1414 1664 1439 1704 1⁵

369 1729 520 1792 affectum
536 1733 628 1813 gerat
643 1729 873 1812 proximorum.
902 1729 1041 1813 denique
1057 1731 1139 1792 etin
1168 1730 1317 1793 atinitate
1333 1730 1400 1794 filo·

369 1812 504 1895 sophica
531 1833 641 1894 erpnrn
671 1813 805 1877 effeetus
828 1812 960 1891 dieitur,
990 1814 1076 1876 unde
1098 1818 1132 1876 et
1153 1834 1225 1895 erpo
1247 1814 1293 1877 sio
1316 1812 1399 1878 dioe-

369 1895 487 1960 bantur
509 1919 528 1959 a
550 1897 679 1978 priscis,
703 1897 759 1979 qui
777 1898 813 1959 iu
830 1918 899 1960 sese
915 1903 1104 1961 cunctorum
1122 1898 1290 1960 traherent
1304 1897 1399 1960 affee-

368 1983 449 2043 tum.
482 1982 638 2047 adnersns
653 1980 691 2043 de
708 1981 902 2044 aduersitate
919 1981 1047 2044 dieitur.
1076 1981 1206 2064 quidam
1222 1980 1400 2044 ostendunt

369 2064 484 2126 melius
501 2064 598 2128 scribi
613 2065 796 2143 aduersam,
820 2063 907 2146 quod
923 2063 1005 2127 mihi
1020 2063 1171 2127 uideatur
1185 2063 1398 2141 satissimum3
1412 2078 1438 2118 2⁰

369 2149 490 2211 etenim
506 2148 585 2211 duae
598 2151 708 2232 partes
720 2148 995 2230 praepositionem
1010 2194 1269 2216 ...........
1282 2147 1400 2231 accipit

369 2236 538 2296 accentum
561 2232 589 2296 si
611 2233 638 2294 it
659 2253 719 2315 pro
742 2237 862 2296 eontra.
898 2232 945 2294 ita
967 2236 1001 2296 et
1023 2236 1097 2297 ante
1113 2235 1146 2294 et
1155 2251 1257 2313 prope
1271 2234 1305 2295 et
1318 2251 1399 2313 pone

369 2323 401 2378 et
423 2321 510 2380 altra
530 2316 789 2398 praepositiones
812 2315 988 2378 accusatiui
1013 2336 1107 2378 oasus
1129 2314 1300 2378 inmobiles
1322 2318 1400 2377 sunt

368 2419 429 2463 nee
450 2420 510 2480 pro
534 2398 606 2461 aliis
622 2398 704 2462 aliae
720 2398 890 2462 iactantur.
925 2418 1114 2461 communes
1129 2397 1397 2479 praepositiones,

369 2482 498 2564 quando
521 2482 742 2546 aecusatiuum
764 2502 890 2555 cassum
913 2481 1053 2560 habent,
1076 2481 1213 2545 mobiles
1237 2483 1326 2556 sunt,
1349 2481 1397 2544 iu·
1411 2491 1437 2532 2⁵

369 2565 506 2630 mobiles
529 2565 658 2649 quando
681 2565 824 2629 ablatiuo
847 2565 1015 2629 adherent.

439 2705 477 2752 12.
495 2699 566 2756 Eae.
584 2699 672 2754 Rern.
690 2701 813 2778 291413
830 2703 855 2753 et
873 2698 955 2756 Letct.
972 2697 995 2763 s.
1007 2700 1070 2752 82⁴:
1097 2696 1179 2751 Circa
1196 2704 1225 2750 et
1243 2711 1312 2765 erga
1323 2726 1356 2736 —
1370 2696 1398 2748 iu

366 2795 400 2805 —
419 2765 555 2819 filosofiea
574 2766 623 2835 (L)
642 2797 676 2806 -
694 2783 718 2818 sr
736 2766 872 2820 dreebant
889 2766 941 2834 (L)
961 2794 994 2805 -
1013 2763 1155 2818 affectum.

436 2907 449 2953 1
472 2868 741 2977 constantinopolin
764 2900 804 2965 P,
828 2897 1069 2966 constantinopoli
1091 2898 1182 2965 Nlla
1208 2896 1347 2965 quadrare
1370 2898 1398 2951 P

347 3015 349 3021 .
368 2967 382 3035 ll
395 2973 479 3019 2-11
491 2982 727 3019 circum-errare
737 2981 787 3020 om.
800 2967 836 3019 N
844 2968 855 3034 ΙΙ
867 2973 884 3019 4
896 2966 1031 3032 potenter
1047 2966 1075 3018 P
1088 2966 1123 3028 of.
1136 2979 1224 3030 snpra
1239 2980 1268 3030 p.
1281 2966 1325 3026 68,
1338 2967 1374 3017 10
1384 2964 1396 3041 Η

366 3035 451 3090 tenta
470 3048 538 3101 pars
554 3048 649 3088 aenens
660 3048 750 3086 vaona
768 3033 800 3086 tn
818 3034 847 3086 P
859 3035 869 3101 ΙΙ
882 3040 898 3086 o
913 3037 978 3100 poet
993 3031 1069 3084 unde
1087 3031 1211 3098 opattam
1227 3033 1298 3083 1-2
1314 3030 1399 3136 aerbo3

367 3153 433 3215 fort.
452 3168 498 3204 me
517 3167 580 3203 oum
594 3152 604 3217 ΙΙ
617 3150 774 3218 quandam]
793 3149 859 3213 sort.
876 3148 1044 3225 quondamjt
1057 3146 1176 3266 oriffiinis
1193 3149 1221 3202 P
1234 3147 1272 3224 lit
1291 3109 1399 3214 oportit

366 3218 395 3272 P
412 3220 422 3286 ΙΙ
440 3225 468 3270 11
484 3217 503 3270 f.
521 3218 553 3270 tu
573 3232 640 3285 ergo
658 3216 693 3269 N
706 3218 716 3284 ΙΙ
734 3222 764 3270 11
785 3217 917 3270 scriberis
934 3216 962 3269 P
979 3216 989 3282 ΙΙ
1008 3230 1103 3268 crreun
1125 3229 1143 3266 a
1158 3215 1200 3279 P,
1224 3213 1400 3266 circumdata

366 3318 400 3372 N
409 3319 420 3386 lt
435 3323 466 3370 14
483 3316 596 3374 visibile
614 3316 643 3369 P
654 3318 665 3385 ll
677 3314 753 3370 vello
771 3332 836 3369 eum
853 3317 895 3381 P,
914 3283 1055 3369 vel¹⁰oum
1077 3314 1111 3367 N
1125 3316 1135 3383 ΙΙ
1153 3314 1212 3372 its,
1234 3314 1347 3381 spectat
1370 3319 1400 3366 et

368 3384 502 3439 affectum
520 3383 554 3437 N
563 3385 573 3451 11
588 3389 620 3436 16
637 3383 720 3451 gerat
740 3385 768 3450 (a
785 3384 817 3436 in
829 3383 840 3436 i
851 3385 935 3449 corr.)
953 3381 988 3435 N
996 3379 1261 3504 &philosophiam
1274 3381 1285 3447 ΙΙ
1298 3385 1399 3434 16-18

367 3450 660 3520 denique-affectum
679 3466 730 3504 orn.
748 3451 783 3504 N
792 3451 802 3519 ΙΙ
818 3458 848 3504 18
870 3465 979 3521 pressis
1037 3451 1047 3518 ΙΙ
1059 3449 1175 3502 trahent
1192 3451 1220 3503 P
1233 3449 1242 3516 ll
1257 3455 1288 3502 19
1307 3450 1399 3501 osten·

367 3519 436 3572 dum
453 3520 482 3573 P
498 3521 508 3586 ΙΙ
529 3525 624 3573 19-21
665 3516 1042 3586 uidam-praepositionem
1061 3531 1112 3571 om.
1131 3516 1166 3569 Ν
1168 3537 1175 3581 ;
1197 3515 1243 3569 tn‘o
1259 3515 1324 3583 finit
1342 3516 1370 3568 P
1383 3516 1398 3583 Η

367 3592 401 3639 22
420 3585 454 3653 si]
473 3585 491 3636 fi
509 3585 543 3639 N
557 3591 590 3639 nt
608 3584 636 3638 vi
658 3589 727 3639 etnr.
