3210 4162
704 295 739 349 11.
768 294 816 348 nn
835 293 1065 350 enouonrun.
1342 298 1399 362 125

453 445 514 511 Est
542 467 736 530 pronomen,
766 446 805 510 de
834 467 898 529 quo
928 445 1087 511 dubitatio
1109 467 1230 532 magne
1252 445 1400 529 habetur,

367 532 476 595 utrum
520 529 650 596 finitum
692 552 735 594 an
772 529 936 594 infinitum
974 532 1017 594 sit
1052 534 1090 595 ut
1125 533 1193 598 iate.
1248 532 1400 597 nonnulli

366 617 488 679 etenim
520 615 687 679 infinitum
722 636 803 699 esse·
824 636 896 679 cum
926 615 1066 700 quadam
1096 615 1296 682 diffensionis
1325 637 1400 681 suae

367 700 559 765 auctoritate
593 699 767 764 hortantur
799 703 837 763 ut
868 720 922 783 epo
955 701 1028 782 iste,
1063 705 1098 765 tu
1131 702 1203 782 iste,
1239 702 1292 767 ille
1323 703 1400 781 istu·

367 785 453 869 quod
484 789 595 849 tamen
627 785 662 849 in
689 783 809 849 nostris
838 784 1028 848 lectionibus
1057 805 1124 848 non
1152 789 1221 849 tam
1250 789 1399 868 prompte
1425 805 1438 845 r

367 890 427 932 neo
462 874 575 950 parate
605 867 641 932 in
670 890 728 933 usu
762 867 909 932 habitum
938 869 1147 952 repperimus,
1182 890 1249 933 uno
1280 870 1400 933 etenim

367 953 593 1016 tantummodo
622 953 656 1014 in
686 952 758 1015 loco
779 951 841 1015 hoo
871 951 951 1035 legi,
980 973 1053 1015 cum
1077 950 1173 1016 Cato
1201 953 1320 1016 dixerit
1347 972 1400 1032 epo

366 1037 425 1100 iste
463 1037 519 1116 qui
556 1037 676 1100 locutus
711 1055 798 1112 sum,
839 1036 924 1117 quod
963 1039 1071 1098 utrum
1109 1040 1196 1098 recte
1233 1057 1274 1098 an
1310 1055 1400 1099 secus

366 1120 528 1202 posuerit,
566 1140 634 1182 non
663 1122 712 1182 est
739 1118 850 1182 iudicii
879 1119 941 1182 mci
970 1119 1141 1182 decernere
1170 1122 1228 1183 aut
1256 1118 1400 1196 definire,

369 1224 441 1267 oum
474 1208 542 1266 tam
575 1202 680 1265 multa
713 1202 756 1265 sit
788 1212 820 1265 et
854 1203 984 1285 copiosa
1012 1202 1185 1266 latinitatis
1216 1203 1316 1265 totius
1345 1224 1401 1266 re·
1415 1222 1440 1262 ro

369 1287 422 1370 gio
457 1290 491 1349 et
525 1290 563 1350 ut
590 1287 638 1349 ita
667 1286 773 1349 dicam
802 1285 939 1370 pelagus
967 1287 1165 1364 inmensum,
1195 1289 1231 1348 ut
1262 1286 1402 1349 discerni

368 1370 504 1433 omnino
534 1369 739 1434 diuersitates
769 1370 869 1452 ipsius
899 1375 931 1434 et
958 1391 1064 1434 nouae
1093 1369 1343 1433 adinuentiones
1371 1375 1402 1434 et

369 1453 574 1551 incognitae,
620 1457 658 1517 ut
700 1457 873 1536 putantur,
919 1476 938 1517 a
981 1453 1112 1517 nemine
1156 1453 1197 1517 ad
1242 1453 1401 1536 liquidum

392 1543 502 1601 ossint.

370 1560 389 1620 p
456 1617 540 1684 Sunt
563 1619 618 1703 qui
639 1622 759 1702 putant
774 1640 953 1702 pronomen
970 1620 1071 1684 alium
1087 1619 1277 1704 genetiuum
1293 1640 1402 1683 casum
1417 1639 1442 1679 rs

371 1702 507 1786 habere,
532 1702 619 1787 quod
642 1704 787 1784 putatiue
810 1703 918 1787 potius
941 1724 1037 1786 quam
1054 1702 1294 1768 rationabiliter
1311 1724 1401 1766 usur·

370 1792 483 1870 patum
507 1787 702 1850 eredendum
726 1793 783 1850 est.
822 1787 972 1850 nonnulli
995 1786 1081 1850 enim
1104 1789 1152 1851 ite
1174 1787 1402 1850 declinandum

373 1874 486 1934 rentur
508 1871 572 1934 hoc
595 1890 792 1952 pronomen:
816 1871 901 1936 alius
923 1871 1008 1936 alius
1029 1870 1085 1936 ali.
1123 1870 1218 1935 multi
1241 1872 1339 1934 etiam
1357 1872 1403 1934 ita

371 1955 552 2018 declinant:
593 1955 679 2020 alius
710 1955 758 2018 ult
790 1955 865 2019 alio.
915 1953 1067 2018 nonnulli
1100 1955 1402 2018 commoriebantur

371 2039 457 2104 ottus
480 2038 542 2103 alis
564 2037 632 2101 siue
655 2038 783 2104 alionis.
820 2037 876 2102 sed
899 2037 978 2102 haee
1001 2038 1112 2102 omnia
1134 2060 1176 2102 ex
1198 2037 1291 2102 nulla
1314 2040 1403 2102 certe
1416 2057 1441 2096 ro

371 2123 566 2186 auctoritate
581 2126 736 2204 poterunt
750 2122 938 2204 adprobari:
953 2143 1058 2204 neque
1074 2122 1162 2186 enim
1176 2121 1404 2200 Ciceronis,

373 2203 1404 2289 Donis‚0atonis,UirgiliAssianiautillius'Proiani

374 2293 430 2352 aut
457 2288 663 2372 Gelbungi
692 2289 745 2352 uel
767 2287 956 2353 Terreuti
977 2297 1034 2352 aut
1055 2288 1192 2354 alicuius
1215 2291 1404 2368 ceterorum,

372 2373 426 2457 qui
443 2373 481 2435 de
500 2373 622 2435 artibus
639 2373 740 2435 multa
761 2393 859 2453 opera
879 2373 1027 2436 fecerunt
1051 2375 1180 2454 compte
1201 2376 1236 2436 et
1256 2369 1404 2452 pulcher·

371 2457 452 2520 rime
474 2457 689 2539 scripserunt,
718 2456 805 2518 dicta
827 2457 1014 2538 depromere
1038 2455 1293 2519 adfirmandum
1316 2453 1404 2518 hunc
1417 2471 1443 2512 25

373 2561 499 2603 cassum
533 2540 698 2604 ualebunt.
737 2540 775 2602 de
809 2539 872 2604 hoo
905 2560 982 2624 ergo
1017 2539 1213 2622 pronomine
1239 2539 1304 2601 ista
1334 2559 1404 2600 sen-

371 2623 476 2687 tentia
508 2623 668 2687 seruanda
697 2626 761 2703 est,
794 2623 879 2706 quod
911 2622 1099 2708 genetiuum
1130 2644 1257 2687 cassum
1285 2621 1405 2686 habere

372 2729 441 2771 non
487 2711 581 2771 otest.

459 2729 543 2854 dunt
570 2789 768 2872 pronomina
795 2790 834 2852 de
862 2789 977 2872 quibus
1000 2788 1178 2871 ambigitur
1199 2791 1309 2851 utrum
1332 2807 1405 2869 pro-

373 2873 508 2938 nomina
536 2895 578 2936 an
607 2873 760 2936 aduerbia
781 2871 928 2954 intellegi
952 2872 1092 2935 debeant
1113 2877 1151 2935 ut
1173 2891 1277 2936 cecum
1299 2871 1402 2936 ellum.
1417 2887 1443 2928 ³0

373 2961 451 3022 sunt
474 2958 668 3039 pronomina
696 2956 814 3041 quibus
838 2956 1011 3020 declinatio
1035 2955 1222 3020 affectatiua
1244 2955 1297 3018 uel
1320 2975 1405 3018 oom-

376 3043 537 3105 mutatiue
559 3043 714 3106 asseritur
736 3044 773 3104 ut
795 3041 886 3104 cuius
901 3041 954 3104 cui
968 3042 1047 3104 auio.
1084 3039 1151 3103 scio
1174 3042 1208 3103 et
1229 3040 1304 3103 cuia
1319 3039 1407 3103 cuiae

375 3127 408 3188 et
430 3127 538 3191 cuium
561 3127 623 3190 cui.
661 3125 715 3189 sed
740 3124 819 3188 haec
843 3123 1016 3188 declinatio
1036 3145 1104 3188 non
1122 3123 1163 3187 ad
1179 3123 1406 3187 auctoritatem

416 3280 580 3287 ..u—...—

443 3358 686 3426 dorlantuerl
705 3367 720 3412 o
738 3359 850 3425 promte
869 3359 954 3426 Ν116
972 3357 1109 3411 hebetum
1128 3356 1162 3409 N
1170 3358 1181 3424 ΙΙ
1196 3362 1227 3409 10
1245 3354 1330 3423 negio
1349 3354 1380 3407 N
1394 3356 1406 3423 ΙΙ

377 3431 407 3480 11
421 3425 543 3494 pylagus
562 3424 597 3478 N
605 3425 615 3491 l
630 3431 661 3477 12
673 3424 750 3478 nolle
763 3423 801 3488 N,
821 3424 928 3478 multae
949 3425 1011 3478 Mai
1024 3425 1034 3493 ll
1049 3431 1081 3477 16
1120 3421 1383 3488 renominaliumN
1394 3423 1406 3490 ΙΙ

377 3498 408 3547 19
426 3508 484 3546 non
503 3492 559 3546 ulio
578 3491 650 3545 nulli
668 3492 702 3545 N
716 3507 784 3549 corr.
804 3491 869 3546 Mai
886 3493 897 3561 ΙΙ
909 3497 941 3545 22
959 3492 1071 3545 troeani
1138 3505 1208 3544 corr.
1226 3488 1291 3544 Mai
1303 3489 1314 3557 ΙΙ
1327 3495 1361 3544 24
1379 3492 1409 3544 et

376 3560 413 3614 ad
431 3559 465 3613 N
474 3561 484 3628 l
497 3567 528 3614 31
548 3560 759 3614 commutetitia
774 3558 814 3612 N.
