3210 4162
643 304 692 359 111.
720 303 771 359 os
788 304 922 364 osseo.
1236 309 1295 374 141

270 478 333 522 non
355 456 598 541 meditatim,
627 457 705 523 lieet
730 457 763 522 id
787 458 987 524 consuetudo
1010 459 1104 524 nobis
1127 460 1296 547 inuexerit,

267 542 323 608 sod
346 543 571 626 permissiuam
585 565 629 609 an
642 543 882 609 uoluntatiuam
898 544 1004 610 dicere
1021 545 1183 612 debemus.
1218 568 1298 613 non·

267 627 350 692 nulli
379 628 466 692 inter
493 628 573 693 alios
600 628 697 693 huius
723 629 846 694 formae
875 631 976 694 uerba
1000 653 1059 714 per
1088 633 1197 696 omnia
1218 635 1297 696 tem·

266 731 348 796 pora
375 712 551 777 seeundum
580 712 720 798 primam
748 713 919 778 dumtaxat
939 734 1113 797 personam
1136 716 1297 781 declinare

266 799 420 861 utuntur:
442 797 529 880 quod
551 818 619 862 non
640 797 721 861 mihi
745 796 875 862 uidetur
896 798 1137 880 inprobandum
1152 820 1212 864 nee
1226 821 1297 883 pro·
1324 820 1336 858 s

266 878 418 945 bandum.

352 962 497 1027 Tertiam
525 963 663 1028 diximus
684 966 812 1048 partem
835 985 905 1029 esse
927 965 1020 1029 uerbi
1043 965 1296 1031 ordinationem:

268 1046 360 1110 euius
398 1048 434 1110 in
472 1049 748 1133 expugnationem
780 1049 946 1133 paulisper
978 1050 1134 1113 inmorari
1166 1070 1298 1113 neeesse

267 1130 440 1211 habemus,
470 1132 661 1214 praesertim
684 1154 757 1196 cum
780 1135 820 1196 de
847 1133 921 1216 ipso
950 1133 1062 1217 opinio
1083 1133 1296 1216 plurimorum

266 1218 333 1278 tam
368 1216 460 1278 uaria
492 1219 526 1278 et
556 1219 624 1279 tam
657 1216 785 1280 diuersa
816 1216 877 1298 eit,
913 1221 951 1279 ut
983 1217 1060 1299 quid
1092 1217 1297 1298 potissimum
1312 1237 1337 1276 10

267 1296 442 1361 lectoribus
471 1299 599 1363 animus
630 1320 671 1380 ap
696 1303 783 1363 etere
810 1299 944 1381 debeat,
975 1299 1028 1363 uel
1056 1300 1224 1382 ignoretur
1247 1301 1298 1363 uel

268 1381 419 1464 ambigue
434 1383 618 1463 putatiuum
634 1321 801 1446 haliaetum
840 1383 1004 1446 ordinatio
1020 1403 1100 1465 ergo
1116 1387 1179 1467 est,
1202 1404 1299 1467 quam

269 1464 535 1548 coniugationem
563 1466 738 1530 uerborum
767 1466 1052 1530 consuetudinarie
1080 1467 1298 1530 nominamus:

267 1568 342 1612 nam
374 1549 460 1630 quod
490 1549 603 1633 iugum
632 1548 667 1612 in
696 1549 799 1613 literis
828 1553 940 1633 sonat,
972 1550 1042 1633 ipse
1064 1551 1298 1615 manifestatim

267 1630 344 1695 ordo
367 1635 466 1696 tenet.
503 1632 588 1696 unde
615 1632 677 1695 rati
700 1635 779 1696 sunt
798 1634 957 1697 maiorum
979 1634 1112 1716 plurimi
1134 1654 1201 1697 non
1224 1652 1337 1697 oon-1⁵

268 1715 451 1799 iugationes
463 1715 519 1780 sed
531 1715 752 1781 ordinationes
765 1716 951 1782 scribendas
963 1739 1040 1782 esse.
1064 1716 1178 1780 harum
1190 1721 1298 1781 autem

268 1799 512 1863 ordinationum
540 1821 708 1864 numerum
736 1801 830 1864 multi
853 1804 933 1878 tres,
962 1801 1114 1865 nonnulli
1137 1805 1297 1883 quattuor,

268 1882 325 1946 alii
348 1882 488 1965 quinque
511 1884 564 1946 uel
586 1903 642 1946 sex
664 1887 828 1948 sumentes
852 1884 1036 1947 confudere.
1071 1905 1146 1946 nam
1169 1886 1299 1967 praeter

267 1969 350 2046 tres,
379 1965 485 2029 omnis
512 1987 622 2030 eorum
645 1967 780 2030 uacillat
801 1967 931 2050 opinio,
954 1966 1033 2031 licet
1054 1971 1202 2049 quartam
1226 1987 1299 2031 eon-

267 2049 485 2133 iugationem,
508 2050 577 2114 siue
600 2053 637 2113 ut
658 2050 735 2114 huic
756 2051 792 2113 in
813 2050 965 2114 manibus
981 2051 1150 2132 habemus,
1176 2049 1298 2115 ordina·
1313 2069 1339 2109 ao

268 2133 392 2196 tionem
409 2134 519 2216 (non)
535 2134 615 2197 adeo
630 2133 837 2198 refutandam
853 2155 922 2199 esse
937 2135 1167 2198 existimemus.
1201 2154 1299 2217 porro

268 2216 399 2280 tertiam
423 2215 657 2281 ordinationem
681 2217 716 2281 iu
734 2222 807 2282 tres
822 2217 968 2301 plerique
985 2216 1190 2281 diuidendum
1206 2221 1299 2304 puta-

269 2303 362 2377 runt,
387 2302 426 2363 ut
447 2299 492 2363 sit
512 2301 618 2382 prima
641 2321 723 2397 quae
745 2322 824 2366 uero
844 2302 1018 2383 producta,
1041 2304 1079 2365 ut
1094 2303 1207 2382 audio,
1230 2302 1300 2365 dor·

269 2383 352 2460 mi0;
385 2403 467 2466 quae
493 2384 545 2447 uel
573 2405 714 2449 maxime
742 2385 778 2448 in
805 2383 857 2448 his
885 2384 989 2449 modis
1017 2385 1070 2448 uel
1099 2384 1300 2467 temporibus

268 2464 487 2550 facillimeque
510 2467 711 2546 denoscitur,
736 2489 819 2550 quae
842 2489 952 2532 sumus
976 2467 1113 2531 inferius
1136 2468 1338 2550 scripturire

270 2549 390 2613 etenim
412 2569 479 2612 non
502 2551 606 2614 estid
628 2552 715 2634 quod
737 2552 772 2614 in
795 2555 939 2616 mentem
958 2550 1054 2615 modo
1070 2551 1162 2614 uenit
1178 2551 1300 2616 lubrico

267 2635 411 2714 irrepens
430 2638 537 2716 raptet
557 2634 684 2701 obliuio,

354 2715 490 2788 Memini
506 2737 557 2780 me
573 2740 593 2781 a
608 2718 747 2800 quodam
760 2716 870 2800 Lupo
887 2717 1066 2782 christiano
1077 2716 1148 2781 uiro
1161 2716 1300 2780 Athensi

269 2799 304 2863 in
327 2800 453 2864 ratione
475 2801 647 2867 uerborum
663 2803 743 2866 satis
760 2805 908 2884 expert0,
933 2822 1005 2865 oum
1020 2801 1114 2864 illum
1127 2800 1299 2864 uerborum

269 2882 451 2948 difficilium
469 2884 704 2968 interrogarem
720 2885 1002 2970 <ordinationem>
1019 2885 1158 2968 qualiter
1173 2888 1206 2948 et
1221 2905 1298 2967 quo·
1313 2902 1338 2943 so

268 2966 364 3031 modo
386 2973 419 3032 et
441 2989 505 3052 qua
526 2971 654 3034 ratione
677 2971 803 3034 uariata
825 2970 881 3051 sit,
905 2969 1015 3034 taliter
1029 2970 1071 3033 ab
1087 2989 1124 3032 eo
1141 2968 1298 3033 edoctum.

268 3053 375 3116 arar-iis
397 3052 526 3134 inquid,
549 3054 611 3136 fili,
635 3054 875 3137 opinationibus
896 3073 962 3118 stoa
976 3057 1058 3119 satis
1073 3054 1202 3131 eredere
1221 3053 1300 3132 quia

338 3242 353 3288 2
373 3236 421 3305 an]
443 3251 476 3288 ao
493 3235 558 3290 Mai
570 3236 580 3304 ΙΙ
593 3242 608 3290 3
627 3235 698 3289 alias
710 3236 744 3289 N
753 3237 793 3301 114
810 3235 964 3290 secundam
976 3235 1012 3289 N
1020 3236 1060 3302 lt
1077 3233 1298 3311 inprobandum]

268 3304 286 3356 u
304 3318 338 3357 er
355 3318 425 3357 corr.
444 3302 498 3369 ΝΙΙ
511 3302 555 3356 ef.
572 3302 713 3372 probandi
730 3302 764 3356 N
779 3303 877 3370 itaque
893 3302 1013 3368 fortasse
1030 3303 1071 3357 sie
1089 3301 1233 3370 leqeudum
1251 3318 1299 3378 qur

269 3384 326 3423 non
344 3369 416 3448 mihi
433 3369 566 3423 videntur
583 3369 756 3439 inprobandi
773 3385 826 3423 nee
844 3369 987 3437 probandi
1000 3370 1010 3437 u
1024 3375 1054 3423 11
1074 3367 1139 3434 fort.
1159 3368 1297 3488 leetorrspl

269 3436 721 3583 {apptpgrputrpesslpsilpapppp
729 3435 1134 3582 ΙἪίιῙίἰπῖαΐθοθνιρΜνεέἶσυῃξὶ)
1144 3451 1217 3561 pope
1229 3435 1296 3555 ‘icit-⁸

268 3570 584 3626 borum-ordinatione
602 3587 672 3627 corr.
687 3571 753 3626 Mai
765 3572 776 3640 ΙΙ
788 3577 821 3625 30
839 3570 1048 3626 ordinationem
1066 3571 1134 3628 add.
