3210 4162
255 259 315 324 128
492 256 645 312 VIRGILII
661 254 826 311 MARONIS
843 254 1054 312 EPISTOLAE.

252 410 369 476 Troiae
398 411 586 476 bellatorem
615 410 751 474 laudans
771 409 850 490 felix
872 409 979 492 inquit
1000 409 1052 476 illc
1074 408 1202 477 Aeaeae
1224 411 1280 492 qui

253 499 350 563 decim
374 497 475 561 αἰσίαν
498 496 600 560 Troia
618 495 705 578 sapit
729 496 858 560 incenso
880 498 974 575 atque
995 494 1032 559 ia
1053 493 1189 560 Indiam
1206 513 1279 577 per·

251 600 327 663 pras
353 581 494 661 quiaque
516 580 674 644 coutinuis
691 580 855 659 proelians
881 580 979 643 oanis
1005 579 1109 642 iritum
1135 579 1280 643 bellando

250 665 383 744 feliciter
410 665 528 747 finiuit.
563 663 598 725 in
626 661 744 725 melam
773 663 870 726 etiam
897 667 1023 744 partem
1046 661 1132 744 quod
1155 662 1209 726 ille
1230 682 1280 726 ac-

226 747 407 831 eeipiatur,
440 746 649 809 manifestum
683 748 733 809 est
766 766 805 809 ex
833 744 913 826 ipsis
941 743 1079 808 Isceni
1114 745 1281 810 cuiusdam

254 830 411 894 Affricani
434 829 652 906 sermonibus,
677 827 791 911 quibus
814 829 980 909 uituperat
994 827 1161 892 Donatum
1184 850 1282 911 quen·

254 914 327 978 dam
356 934 488 977 auarum
523 913 648 976 uirum:
681 913 760 992 quid
783 913 882 991 faciet
908 911 1021 994 inquid
1049 912 1102 976 ille
1130 911 1282 976 Donatus

254 1016 378 1064 cuorus
398 998 434 1060 io
444 997 603 1078 propriis,
627 996 809 1077 ropidaria
825 996 955 1074 olienis,
975 994 1034 1076 sur
1047 994 1176 1060 coroa?
1195 995 1280 1078 huie,

254 1081 336 1165 quod
349 1080 564 1161 subostendit,
580 1079 657 1144 licet
671 1079 734 1142 alio
747 1078 873 1158 itinere,
889 1079 1039 1142 uolumus
1052 1078 1184 1143 edocere
1195 1079 1282 1144 inter

215 1183 241 1222 10
254 1165 404 1246 cupidam
427 1167 460 1226 et
482 1183 623 1228 auorum
645 1163 722 1245 quid
744 1163 887 1244 intersit3
916 1164 1049 1243 cupidas
1070 1184 1210 1245 namque
1233 1167 1282 1227 est

254 1249 310 1330 qui
332 1247 422 1329 eupit
443 1267 571 1328 semper
593 1266 726 1328 augere3
749 1265 874 1310 cuorus
891 1249 998 1309 autem
1013 1246 1069 1328 qui
1084 1251 1282 1330 congregata

253 1334 420 1395 retentans
448 1330 531 1393 nulli
561 1328 710 1410 largitur.
752 1330 810 1393 iste
841 1330 1069 1411 cuiuscumque
1100 1330 1281 1394 communis

253 1436 291 1478 ac
312 1414 436 1478 uilioris
458 1412 537 1476 licet
557 1413 696 1476 habetur
717 1434 885 1495 personae.

340 1497 388 1560 De
411 1496 558 1560 articulis
581 1500 688 1560 autem
710 1496 943 1560 nonnullorum
967 1495 1093 1558 diuersa
1116 1497 1280 1560 sententia

216 1597 241 1637 1⁵
254 1584 317 1662 est,
339 1580 473 1644 tradunt
495 1581 582 1644 enim
604 1580 735 1662 quidam
758 1578 800 1643 ob
822 1579 855 1643 id
878 1578 1120 1643 aut'artioulata
1134 1578 1281 1662 iudicari,

253 1665 328 1749 quia
356 1685 430 1730 cum
452 1665 532 1747 ipsis
553 1664 742 1728 nominibus
764 1685 831 1726 una
852 1663 1027 1727 flectuntur
1049 1667 1086 1726 ut
1107 1663 1158 1727 hic
1179 1663 1280 1744 borne,

253 1751 349 1815 huius
376 1748 524 1814 bominis.
562 1749 648 1830 quod
679 1748 706 1811 si
729 1748 776 1810 ita
799 1749 862 1829 est,
892 1748 1017 1827 eligant
1039 1750 1149 1810 utrum
1172 1747 1282 1810 omnia

254 1831 449 1914 pronomina
471 1831 608 1894 articula
631 1836 765 1910 uooent,
789 1829 864 1912 quia
878 1830 914 1893 in
929 1830 1146 1894 declinatione
1164 1835 1281 1894 cuncta

255 1915 442 1978 nominibus
465 1915 545 1996 ipsis
568 1913 721 1977 adherere
744 1916 897 1996 possunt,
929 1935 971 1976 an
995 1934 1071 1977 uero
1094 1913 1220 1976 nullum
1243 1935 1281 1977 ex

215 2012 241 2053 2⁰
254 1997 396 2062 articulis
420 2000 554 2079 excepto
576 1998 628 2062 bic
655 1999 691 2061 in
718 1997 890 2062 articulum
912 1996 1102 2078 recipiatur,
1133 1996 1208 2080 quia
1231 2016 1281 2061 ce·

254 2087 325 2145 tera
346 2084 482 2163 possunt
503 2080 652 2143 semotim
675 2080 845 2160 declinari,
869 2080 1060 2161 praesertim
1083 2101 1155 2142 cum
1179 2083 1212 2142 et
1233 2080 1284 2144 bio

253 2164 427 2246 separatim
457 2184 533 2245 sepe
560 2162 788 2228 auscultemus.
826 2163 889 2226 ista
911 2165 987 2226 sunt
1008 2163 1060 2227 bic
1080 2166 1110 2228 is
1132 2164 1204 2244 qais
1226 2164 1283 2244 qui

254 2252 289 2312 tu
316 2267 362 2329 se,
390 2247 467 2310 licet
495 2268 529 2309 se
557 2247 797 2310 nominatiuum
825 2266 951 2310 cassum
980 2250 1096 2314 careat.
1136 2245 1221 2308 unde
1250 2249 1283 2309 et

253 2331 333 2394 mihi
357 2331 465 2395 uerius
487 2331 631 2403 uidetur,
662 2333 747 2412 quod
770 2330 875 2394 nostri
896 2329 1064 2412 adserunt,
1088 2351 1183 2394 omne
1206 2352 1279 2413 pro·

217 2433 242 2472 ss
254 2435 374 2478 nomen
387 2413 610 2497 monosyllabe
621 2415 793 2478 articulum
805 2414 879 2489 dici,
894 2413 977 2495 quod
990 2415 1129 2477 maxime
1141 2412 1280 2478 Cicero

255 2498 443 2561 adsentitur.
466 2497 639 2561 articulum
654 2497 826 2562 manifeste
843 2497 1072 2560 diminutiuum
1087 2500 1136 2561 est
1151 2497 1279 2579 deanto,

253 2582 339 2644 unde
368 2585 400 2664 et
427 2580 537 2643 multis
566 2581 695 2644 uidetur
721 2585 800 2644 tunc
830 2580 1002 2644 articulum
1037 2580 1117 2661 dici,
1152 2580 1281 2662 quando

254 2663 477 2747 monosyllabe
499 2662 600 2726 fuerit
620 2667 658 2727 ut
679 2665 730 2729 hic
753 2666 823 2745 qais
844 2666 873 2728 is
880 2712 888 2742 ,
919 2665 952 2726 et
973 2663 1035 2726 hoo
1058 2663 1182 2749 figurae
1205 2665 1281 2727 sim·

253 2747 364 2830 plicis,
393 2768 466 2810 cum
488 2752 597 2810 autem
620 2749 835 2829 compositum
858 2746 972 2826 fuerit,
997 2748 1222 2829 <pronomen>
1245 2750 1282 2810 ut

215 2848 241 2888 ³⁰
254 2832 386 2913 quisque
393 2879 401 2909 ,
423 2832 522 2912 idem,
545 2831 638 2895 hicce.
671 2830 750 2894 haec
773 2831 811 2894 de
834 2829 990 2894 articulis.

341 2914 403 2978 Pro
425 2914 532 2979 dolor!
563 2936 640 2977 sane
664 2919 697 2979 et
718 2915 808 2979 omni
831 2914 1038 2978 miseratione
1061 2913 1198 2997 dignum
1221 2918 1280 2994 est,

255 2999 337 3079 quod
353 2997 447 3061 multi
462 2997 543 3060 haec
559 2998 695 3062 articula
705 2999 881 3062 secundum
894 2996 1038 3061 ordinem
1052 3002 1279 3081 corruperunt:

254 3101 331 3144 nam
353 3102 436 3162 quae
459 3081 667 3145 subiunctiua
688 3103 756 3146 esse
779 3082 977 3164 debuerunt,
999 3082 1219 3164 praepositiua
1234 3081 1281 3146 fe-

262 3218 458 3226 n-——a—-a

323 3285 336 3332 1
356 3281 454 3332 troeae
472 3278 508 3332 N
516 3281 554 3346 fla
573 3280 635 3348 qui]
657 3280 725 3348 quin
742 3281 776 3335 N
785 3281 795 3348 ΙΙ
808 3280 955 3335 incensace
969 3280 1002 3334 N
1011 3282 1021 3349 l
1034 3289 1049 3334 3
1062 3280 1210 3334 contenuis
1222 3280 1257 3334 N
1265 3281 1279 3350 11

253 3383 270 3430 6
282 3377 448 3456 donativum
460 3378 494 3433 N
529 3385 560 3432 12
579 3380 733 3434 commonis
746 3380 777 3434 N
789 3383 798 3446 ΙΙ
812 3386 845 3433 14
862 3379 994 3436 anticulis
1005 3380 1039 3435 N
1047 3382 1057 3449 ll
1071 3386 1103 3434 15
1115 3359 1209 3447 iudicii
1221 3380 1255 3435 N
1265 3382 1278 3449 ΙΙ

255 3451 287 3500 18
305 3461 472 3514 pronomine
534 3447 589 3515 1122
608 3447 763 3502 scultemus
780 3446 815 3502 N
824 3449 834 3516 ΙΙ
848 3455 881 3502 26
898 3464 983 3502 mono
997 3447 1169 3515 dissyllabae
1183 3447 1217 3502 N
1225 3451 1236 3518 l
1248 3455 1281 3502 29

254 3513 443 3583 compositum
460 3514 495 3568 N
503 3515 514 3583 ΙΙ
526 3530 684 3584 pronomen
702 3515 770 3574 odd.
787 3515 859 3570 Mai.
