3210 4162
749 344 799 401 111.
826 345 877 401 aa
895 345 1028 406 unaco,
1341 351 1402 416 133

370 495 451 562 haec
473 497 512 561 de
534 518 600 582 qua
621 499 799 562 tractamus
822 497 987 582 latinitas,
1009 520 1076 564 una
1093 499 1224 584 quidem
1239 500 1354 586 lingua
1368 501 1403 566 in

371 581 573 666 proprietate
596 603 654 647 sua
670 581 838 665 consistit,
861 583 981 648 multas
996 587 1107 649 tamen
1121 586 1219 650 immo
1234 605 1318 669 pene
1333 590 1404 651 tam

371 667 624 748 innumerabiles
647 667 826 731 sententias
849 671 882 732 et
904 667 1068 733 orationes
1083 667 1196 752 habet,
1219 671 1336 753 quibus
1357 671 1404 735 di·

370 772 465 816 uerso
496 750 627 834 quidem
656 751 816 816 sermonis
839 751 985 835 tramite,
1017 753 1114 817 unius
1136 756 1246 817 tamen
1269 753 1402 838 linguae

370 836 490 899 ueritas
513 834 720 918 adprobatur.
1429 855 1443 896 s

456 915 547 982 Haec
574 921 682 982 autem
712 917 785 982 ideo
812 917 967 1002 diximus,
1019 918 1072 983 uia
1100 939 1173 983 cum
1196 940 1310 984 omnes
1333 942 1403 985 ora-

369 1001 470 1065 tionis
501 1004 613 1084 partes
649 1000 827 1065 nonnullas
859 1003 946 1084 apud
979 939 1152 1086 plerosque
1186 1003 1404 1070 dissonantias

370 1084 531 1167 habeant,
554 1084 655 1149 multo
671 1088 784 1148 tamen
799 1085 955 1149 maiorem
970 1087 1006 1149 in
1021 1085 1121 1150 uerbo
1137 1085 1403 1152 difficillimarum

370 1169 597 1251 quaestionum
627 1167 745 1231 siluam
775 1188 813 1233 ac
842 1169 1115 1233 dissonantiarum
1150 1170 1243 1234 deuia
1277 1170 1403 1236 inueni-

370 1255 480 1316 untur.
514 1251 600 1316 unde
622 1255 657 1316 et
678 1251 781 1316 multa
804 1273 900 1336 super
915 1253 1005 1318 uerbi
1021 1252 1247 1337 explanatione
1263 1255 1442 1320 conciliare

371 1335 456 1420 apud
478 1334 642 1400 Romanos
671 1335 786 1400 habita
816 1357 884 1400 esse
912 1338 1132 1420 conperimus,
1162 1338 1279 1421 quibus
1307 1340 1401 1403 mult'

371 1425 404 1482 et
424 1419 634 1484 famosissimi
656 1418 825 1502 praefuere
849 1419 927 1501 uiri,
949 1419 1152 1483 Iulianum
1174 1419 1245 1485 dico
1262 1424 1296 1484 et
1310 1421 1403 1485 Ter·

369 1503 563 1582 rentium,
597 1501 855 1586 Galbungum
889 1523 1018 1586 quoque
1052 1508 1086 1568 et
1120 1503 1335 1588 Glengum,
1371 1509 1404 1570 et

371 1585 1401 1671 duosGregorios,Regulum,etlteginumCornilium,

372 1671 478 1734 uirum
500 1673 579 1733 satis
602 1671 826 1753 eloquentem,
849 1690 983 1753 graecae
1012 1675 1045 1735 et
1074 1671 1243 1735 hebreicae
1270 1670 1402 1757 linguae
1417 1694 1441 1735 rs

372 1753 648 1837 promptissimum
682 1753 908 1837 interpretem,
942 1753 1032 1817 cuius
1060 1754 1095 1818 iu
1123 1753 1226 1818 latino
1253 1775 1403 1819 sermone

372 1837 482 1922 fulgor
510 1837 635 1920 ingenii
664 1839 777 1901 tantus
805 1842 886 1914 erat,
918 1839 957 1900 ut
991 1837 1075 1901 nihil
1104 1839 1278 1902 obscurum
1306 1838 1401 1903 relin-

371 1941 468 2066 quere
495 1921 653 1985 uideatur.
694 1920 751 2003 qui
777 1941 829 1984 me
852 1941 979 2004 quoque
1007 1923 1040 1984 et
1063 1922 1143 1985 duos
1165 1920 1250 1986 filios
1271 1920 1403 2003 Iuliani,

407 2009 571 2068 ouatum
604 2004 855 2087 grammaticum
885 2009 919 2067 et
945 2002 1094 2068 Donem
1122 2006 1211 2086 prius
1238 2005 1403 2068 rethorem

370 2087 466 2151 simul
494 2091 527 2152 et
548 2086 814 2171 grammaticum,
842 2085 957 2183 postea
978 2087 1105 2151 fidelem
1127 2087 1223 2152 modo
1246 2088 1402 2171 presbite-
1416 2113 1441 2154 ro

371 2193 459 2247 rum,
483 2172 523 2234 ad
546 2193 581 2236 se
597 2170 767 2235 uenientes
785 2172 925 2256 benrgne
940 2191 978 2235 aa
995 2170 1207 2235 libentissime
1223 2172 1404 2255 suscipiens

373 2255 483 2318 docuit
503 2253 602 2337 pleno
625 2254 823 2318 rethoricam
845 2272 957 2320 mense
979 2258 1081 2319 artem
1105 2259 1138 2319 et
1157 2255 1220 2318 alio
1241 2256 1404 2338 poeticam

373 2342 406 2401 et
434 2338 473 2402 de
501 2337 634 2421 reliquis
662 2338 924 2421 grammaticam,
953 2341 987 2400 et
1013 2338 1061 2401 ita
1084 2358 1171 2402 anno
1192 2339 1228 2401 in
1251 2339 1404 2403 conuicto
1500 2346 1506 2356 '

371 2420 472 2504 ipsius
501 2421 620 2485 scolari
649 2420 712 2485 diei
735 2421 905 2504 noctisque
934 2442 994 2485 usu
1023 2424 1187 2485 transacto
1217 2422 1311 2505 quasi
1339 2423 1402 2487 cul-

371 2526 445 2569 men
472 2504 651 2589 quoddam,
680 2505 770 2569 omni
798 2504 1007 2588 discipulatui
1033 2508 1146 2569 nostro
1174 2525 1237 2588 quo
1266 2505 1307 2569 ad
1336 2527 1401 2570 ma·
1416 2530 1441 2572 aa

371 2589 539 2674 gisterium
563 2610 725 2652 summum
748 2588 1007 2671 perueniremus,
1030 2590 1180 2672 exiguam
1199 2589 1276 2652 licet
1290 2594 1404 2653 nostra

370 2693 431 2756 pro
458 2671 683 2736 mediocritate
712 2671 881 2757 attigimus
908 2674 1042 2754 partem.
1080 2691 1175 2754 quem
1205 2691 1279 2736 curn
1305 2693 1403 2755 super

371 2755 462 2820 uerbi
484 2758 569 2820 statu
592 2756 884 2839 interrogaremus,
906 2758 1015 2818 utrum
1031 2776 1096 2819 uno
1113 2754 1291 2838 eodemque
1306 2756 1402 2820 modo

370 2839 455 2904 idem
470 2843 574 2904 status
590 2839 716 2904 seruari
730 2840 851 2922 possit,
876 2839 939 2903 hoc
958 2839 1053 2902 nobis
1069 2859 1261 2921 responsum
1276 2860 1402 2903 summa

371 2943 444 2987 cum
473 2923 672 2987 exultatione
695 2923 798 3002 dedit,
828 2923 906 3006 quia
927 2921 1064 2986 uerbum
1086 2921 1191 2986 simile
1214 2942 1284 2986 esse
1307 2921 1441 2986 debetao

370 3007 456 3091 regi,
473 3007 563 3070 cuius
579 3006 679 3069 animi
695 3010 801 3070 status
817 3004 912 3070 multi
928 3008 961 3068 et
979 3005 1098 3069 diuersi
1114 3009 1205 3069 sunt:
1228 3025 1297 3069 non
1314 3006 1402 3069 enim

370 3091 405 3154 in
432 3089 546 3155 sedatu
573 3092 607 3153 et
634 3089 721 3153 bello
749 3111 815 3154 uno
843 3089 938 3153 modo
960 3091 1077 3173 regnat
1097 3109 1202 3172 neque
1224 3090 1261 3154 in
1282 3088 1402 3172 gaudio

371 3177 404 3239 et
430 3175 581 3255 tristitia,
615 3173 790 3256 aliquoties
821 3174 909 3238 enirn
938 3173 1079 3256 rigidum
1110 3193 1195 3251 esse,
1229 3172 1402 3255 aliquoties

437 3446 562 3508 apenae
581 3439 616 3493 N
628 3441 673 3507 114
695 3439 821 3493 sermoni
837 3438 872 3493 N
885 3441 928 3508 117
947 3438 1134 3493 masonentiaa
1155 3438 1190 3493 N
1205 3440 1215 3506 1
1235 3444 1266 3493 13
1290 3438 1403 3506 galbul-

370 3555 483 3610 queque
500 3539 534 3594 N
577 3546 608 3592 14
631 3539 786 3616 Gregorius
802 3538 838 3593 N
851 3540 861 3608 1
884 3543 913 3592 19
932 3509 964 3620 ἕο
984 3539 1086 3618 donem
1101 3539 1135 3592 N
1144 3539 1155 3608 11
1167 3543 1200 3616 td
1219 3539 1323 3608 exigua
1339 3537 1374 3592 N
1383 3539 1398 3608 11

369 3611 402 3662 28
419 3623 507 3661 unum
572 3608 631 3674 1131
652 3622 720 3660 anm
737 3605 772 3660 N
786 3620 857 3661 corr.
875 3605 940 3661 Mae
957 3607 1013 3675 1133
1031 3606 1157 3675 rigidum
1176 3609 1206 3674 (ι,
1226 3621 1260 3661 aa
1280 3607 1307 3672 e)
1325 3605 1363 3660 N.
