3210 4162
641 369 700 431 vn,
727 369 777 424 nn
795 370 929 427 urano.
1256 375 1298 440 53

270 521 397 588 catiuus
419 526 452 587 et
471 523 741 606 coniunctatiuus,
765 522 819 590 sed
835 527 964 590 tantum
980 525 1067 588 trina
1081 524 1299 590 declinatione

270 606 454 672 coniunctis
482 606 651 673 dumtaxat
680 609 806 676 duobus
834 609 869 673 in
896 631 996 673 unum
1024 609 1225 693 temporibus
1253 612 1299 675 sic

269 693 421 758 flectitur.
466 690 522 755 sed
544 690 623 756 haec
645 693 729 757 ratio
752 694 898 759 breuiter
920 694 1100 778 detegenda
1121 696 1184 773 est,
1213 695 1299 778 quod

268 777 341 841 ideo
364 775 426 839 hoc
447 776 545 840 modo
568 777 614 840 sic
636 776 768 859 utimur,
792 778 870 862 quia
893 778 1030 861 amplius
1053 777 1209 842 latinitati
1230 799 1299 843 non

268 860 421 944 suppetit.
467 860 694 925 coniunctiuus
724 862 840 927 modus'
870 861 951 925 duas
969 861 1016 926 ob
1039 882 1151 927 causas
1174 862 1220 926 sic
1243 884 1324 928 uos

222 941 228 952 ’
268 950 362 1010 catur
388 943 442 1008 uel
469 947 601 1028 propter
630 944 896 1011 coniunctionum
924 949 1051 1031 partes,
1080 967 1163 1030 quae
1186 944 1298 1011 adiun-

267 1033 407 1116 guntur,
436 1030 471 1091 ut
498 1029 614 1094 scilicet
640 1049 839 1112 quamquam
868 1032 1019 1112 quamuis
1041 1031 1213 1112 quamlibet
1233 1032 1299 1096 nist

267 1116 328 1196 sia,
353 1113 406 1177 uel
428 1113 512 1194 quod
534 1115 668 1195 propter
690 1112 725 1177 in
771 1134 940 1178 uassorum
964 1114 1207 1197 conpossitione
1225 1134 1298 1178 con-

267 1196 464 1261 iunctatiuus
492 1196 606 1259 modus
636 1135 843 1280 praecedenti
865 1197 1045 1262 indicatiuo
1070 1197 1241 1280 copulatur
1262 1201 1298 1262 ut

268 1301 339 1348 cum
361 1281 477 1348 uidem.
515 1279 698 1344 infinitiuus
713 1281 826 1345 modus
838 1303 858 1344 a
873 1280 1066 1364 quibusdam
1083 1281 1297 1345 communica·
1312 1309 1336 1347 ιο

267 1366 355 1430 tinus
381 1363 542 1428 uocitatur
572 1384 631 1447 pro
659 1384 697 1428 eo
727 1364 896 1447 uidelicet,
925 1364 1010 1447 quod
1037 1364 1091 1428 uel
1117 1365 1242 1428 nomini
1266 1369 1299 1428 et

267 1448 368 1513 uerbo
391 1447 443 1512 uel
466 1446 615 1511 omnibus
637 1448 786 1530 personis
802 1450 977 1512 uerborum
991 1447 1199 1531 numerisque
1214 1468 1297 1512 com-

267 1533 376 1596 munis
404 1531 571 1596 habeatur.
618 1532 681 1597 hoc
709 1553 786 1597 sane
814 1531 982 1596 sciendum
1004 1532 1092 1615 quod
1115 1531 1297 1596 infinitiuus

267 1616 399 1698 modus,
429 1614 699 1700 quandocumque
726 1636 786 1700 pro
813 1616 946 1680 nomine
974 1615 1170 1713 accipiatur,
1199 1616 1298 1680 trium

266 1704 395 1766 tantum
424 1720 569 1763 cassuum
601 1701 705 1764 uicem
729 1700 871 1783 expleat,
899 1701 1095 1765 nominatmi
1119 1699 1243 1763 scilicet
1264 1703 1298 1763 et
1313 1725 1336 1765 rs

268 1783 463 1849 accussatiui
488 1782 697 1866 ablatiuique,
722 1784 808 1867 quod
831 1804 958 1867 semper
980 1804 1040 1867 pro
1062 1782 1221 1847 neutralis
1268 1804 1297 1847 e-

267 1868 355 1932 noris
383 1865 623 1952 significatione
650 1888 786 1932 numero
810 1868 979 1933 dumtaxat
1001 1867 1160 1950 singulari
1182 1804 1299 1930 soleffiit

268 1952 408 2016 euenire.
438 1953 475 2014 ut
485 1953 593 2014 autem
604 1952 667 2015 hoc
678 1950 861 2015 euidentius
877 1954 998 2036 pateat,
1015 1950 1127 2014 demus
1139 1950 1296 2032 exempla.

268 2034 498 2115 Cornelius,
526 2033 577 2096 uir
605 2035 639 2097 in
667 2034 771 2097 latina
797 2035 929 2117 loquela
956 2035 1035 2098 satis
1064 2034 1234 2116 eloquens,
1262 2033 1298 2096 in

268 2119 409 2202 quadam
432 2117 568 2201 epistola
583 2117 622 2181 ad
644 2139 696 2182 me
711 2117 843 2197 †zandu
860 2119 943 2182 misa
958 2119 1004 2225 sic
1018 2117 1125 2182 factus
1148 2120 1198 2181 est
1219 2117 1299 2198 quid
1310 2142 1336 2182 ao

337 2292 360 2339 11.
380 2285 415 2349 of.
435 2283 516 2338 itia:
537 2282 697 2338 Secundum
711 2284 864 2354 Virgilium
878 2283 989 2338 duabus
1007 2283 1098 2337 causis
1116 2283 1221 2337 dicitur
1233 2297 1297 2336 con·

268 2351 411 2405 iunctivus
424 2350 478 2402 uti
499 2365 529 2403 se
543 2350 624 2403 dicit:
650 2351 854 2405 Coniunctivus
867 2349 969 2403 modus
982 2380 1015 2390 -
1028 2349 1191 2404 coniunctas
1201 2351 1298 2417 partes

266 2417 382 2538 qqudo
400 2447 434 2456 -
451 2367 498 2537 utel
509 2418 633 2538 omli*
650 2417 680 2470 in
699 2416 1089 2539 casqruinficqtnipcautioneml
1101 2415 1298 2537 coniunctqqiqq

266 2501 455 2539 mous-u
491 2499 687 2540 cnviaam.
741 2499 1163 2542 e.1nn1vus-mousa
1200 2500 1229 2536 m

266 2551 520 2608 communicativus
533 2579 564 2590 -
578 2551 624 2605 vel
634 2551 723 2605 verbo
735 2581 768 2591 -
782 2551 983 2606 communis-
997 2551 1072 2619 quod
1087 2551 1131 2604 est
1141 2501 1297 2603 indlniuvus

265 2619 366 2673 modus
384 2633 457 2686 quae
476 2634 583 2685 nuncq3
603 2647 634 2658 -—
652 2618 800 2672 nominum
819 2618 930 2672 scilicet
953 2618 983 2672 et
1005 2616 1197 2695 accusativum
1221 2615 1297 2670 abla-

265 2687 416 2754 tivumque
435 2713 468 2724 -
486 2685 520 2737 ut
536 2685 590 2739 hoc
608 2687 705 2739 autem
725 2715 756 2725 -
776 2684 909 2752 exemplo
928 2683 1068 2740 Gornihns
1082 2715 1112 2724 -
1125 2683 1252 2761 loquella
1263 2711 1297 2722 -

267 2754 403 2832 eloquens
422 2752 461 2806 sic
480 2752 571 2817 factus
590 2754 635 2807 est
652 2781 684 2791 -
703 2752 741 2806 ad
759 2751 910 2821 pronomid
926 2751 967 2806 sic
985 2751 1026 2805 ait
1043 2781 1077 2791 -
1094 2752 1125 2804 in
1143 2751 1190 2804 die
1207 2749 1297 2804 estivo

265 2851 299 2860 —
322 2819 563 2874 iocundissimum.
602 2818 673 2873 item
721 2835 751 2873 ro
781 2821 865 2874 acesi)
884 2823 918 2873 ut
940 2818 1053 2872 Hilarus
1079 2818 1168 2873 frater
1190 2817 1296 2872 Lucani

265 2888 362 2956 legisti
381 2886 525 2940 assiduum
543 2886 651 2941 bellare
669 2888 699 2941 to
750 2886 891 2939 curriculo
908 2886 995 2939 vitae.

336 3044 349 3089 1
369 3036 461 3091 trinea
478 3037 506 3090 P
522 3039 532 3104 11
549 3043 565 3091 3
584 3035 755 3104 scd-ratio]
780 3035 929 3104 respondit
946 3034 1001 3090 Bra
1019 3033 1053 3087 N
1066 3035 1076 3102 1
1094 3040 1109 3088 5
1128 3033 1228 3087 modus
1246 3046 1297 3088 om.

266 3137 348 3204 111116
367 3136 426 3207 vel]
445 3138 568 3205 primum
587 3135 621 3190 N
629 3137 641 3206 11
653 3135 880 3191 coniunctionum
897 3138 926 3191 P
959 3102 1164 3190 coniunctionir
1180 3134 1211 3199 (i,
1224 3149 1257 3187 cc
1270 3135 1296 3199 e)

265 3204 299 3257 N
313 3205 323 3271 11
341 3219 414 3271 quae
433 3202 488 3257 adi.
506 3217 557 3260 oon.
576 3202 611 3257 N
618 3204 658 3271 118
677 3203 876 3272 quassatorum
893 3203 922 3256 P
933 3179 944 3270 11
957 3202 1152 3271 conpositione
1166 3200 1200 3254 N
1209 3203 1219 3267 11
1232 3215 1296 3253 con·

265 3304 408 3358 iunctivus
426 3302 507 3372 111119
524 3303 650 3373 incidenti
668 3302 703 3357 N
714 3305 724 3372 11
737 3304 771 3355 ut
787 3318 839 3358 orn.
859 3304 887 3358 P
900 3303 910 3372 11
925 3309 956 3357 10
972 3281 1068 3358 videin
1078 3301 1113 3354 N
1121 3302 1131 3369 11
1144 3300 1297 3354 commoni·

266 3371 376 3425 catinus
393 3373 421 3426 P
439 3373 449 3439 11
469 3377 498 3424 11
517 3371 659 3425 vocitatur
678 3371 697 3437 (i
715 3372 796 3439 corr.)
815 3371 868 3438 1111
880 3369 995 3424 nomine
1014 3373 1040 3434 (a
1059 3383 1129 3425 corr.
1149 3368 1182 3422 in
1199 3368 1218 3431 11
1239 3365 1274 3420 N
1282 3368 1296 3437 11

267 3445 299 3493 12
310 3437 451 3509 omnibssss
464 3439 474 3507 11
488 3437 677 3493 commonisP
689 3439 699 3506 11
714 3445 745 3493 13
754 3437 895 3491 habeatnr
905 3438 1063 3490 communis
1072 3435 1107 3489 N
1111 3440 1202 3491 cetera
1211 3450 1298 3504 usqae

267 3506 445 3560 accussatiuo
463 3507 572 3575 possuit
589 3506 687 3560 desecat
701 3505 711 3572 11
727 3511 757 3559 19
776 3504 911 3558 cornilius
929 3504 958 3557 P
969 3506 979 3573 1
992 3510 1026 3558 20
1038 3503 1130 3556 zandu
1143 3504 1168 3570 (a
1182 3517 1215 3555 ex
1227 3502 1248 3568 i)
1260 3502 1296 3567 P,

265 3573 370 3709 queqco]
386 3576 484 3692 qtrctq
500 3571 647 3692 quondam
670 3587 709 3626 aa
726 3585 826 3626 nomen
840 3571 991 3639 propriam
1008 3568 1213 3626 restituendum
1230 3568 1268 3624 sit
1282 3567 1296 3638 11

278 3655 358 3693 acus
389 3657 409 3696 a.
428 3654 452 3708 q.
483 3654 553 3693 aus.
