3210 4162
273 266 341 321 VIII
678 264 896 320 PRAEFATIO.

274 453 328 512 DId
342 448 626 527 anonumum
643 450 813 527 participio,
832 450 886 510 DE
908 447 1221 526 CONIUNCTIONE,
1242 450 1296 509 DE

274 538 607 616 ΡΒΑΕΡΟΘΙΤΙΟΝΕ,
630 538 683 596 on
706 537 1038 598 INTERIEOTIONE.

363 627 410 685 Ex
434 627 656 702 subscriptione
679 627 792 685 iterata
816 626 919 703 colligi
947 625 1020 684 licet
1047 625 1225 702 scriptorem
1247 627 1297 686 vel

274 715 384 775 codicis
402 714 600 790 Neapolitani
618 715 668 774 vel
691 713 873 790 exemplaris
897 731 934 771 ex
957 732 1016 790 quo
1036 713 1137 789 fluxit,
1162 714 1296 789 capitum

274 803 408 862 ordinem
419 802 586 862 inmutasse
600 794 663 876 ita‚'
672 805 811 860 utunam
824 803 944 877 partem
959 803 1025 860 octo
1037 801 1181 860 orationis
1191 805 1296 877 partes

274 891 479 949 continentem
501 890 539 949 ab
563 890 662 948 altera
685 889 724 947 ad
747 889 906 966 generales
928 906 977 946 res
995 889 1211 964 grammaticas
1229 908 1296 964 per-

273 977 389 1036 tinente
404 981 580 1037 seccrneret.
618 976 664 1034 De
682 978 739 1035 hac
757 995 800 1053 re,
823 995 883 1050 qua
898 976 1040 1034 librarius
1054 977 1148 1034 verba
1162 976 1295 1035 auctoris

273 1065 413 1124 omittere
441 1066 490 1124 rel
519 1067 640 1123 mutare
674 1082 891 1139 nonnunquam
926 1067 1048 1122 coactus
1080 1068 1139 1140 est,
1171 1064 1233 1122 iam
1263 1064 1295 1122 in

275 1152 527 1211 commentatione
550 1154 720 1210 memorata
740 1171 771 1226 p.
797 1153 837 1210 28
863 1170 885 1210 s.
904 1151 1003 1209 fusius
1026 1152 1164 1209 tractavi.

362 1238 501 1314 Scriptus
529 1241 575 1298 est
602 1238 696 1298 codex
722 1238 862 1296 manibus
890 1238 982 1296 variis
1010 1241 1101 1312 atque
1127 1237 1295 1314 scripturae

273 1324 430 1386 (lesinensi
457 1345 549 1403 quam
577 1325 683 1384 dicunt
709 1344 769 1384 non
793 1325 926 1384 absimili
948 1325 1050 1400 modo,
1077 1327 1114 1383 ut
1136 1326 1294 1402 Meynckio

272 1413 394 1490 quidem
406 1413 505 1472 risum
519 1415 575 1474 est.
607 1413 644 1470 In
659 1431 695 1472 ea
708 1416 804 1490 parte,
819 1432 897 1488 quae
907 1412 1031 1489 Virgilii
1046 1432 1138 1489 opera
1152 1414 1294 1487 continet,

270 1504 362 1560 notae
372 1501 556 1578 marginales
566 1500 685 1559 duabus
694 1501 835 1559 manibus
850 1499 1004 1558 confectae
1019 1503 1147 1577 exstant,
1163 1517 1294 1579 quarum

272 1589 436 1664 specimina
469 1589 620 1664 quaedam
653 1587 686 1646 in
719 1587 914 1647 adnotatione
944 1588 1157 1662 deprehendes.
1213 1586 1295 1657 Quas

271 1679 461 1734 correcturas
487 1676 537 1734 hic
564 1675 644 1734 liber
672 1676 712 1734 sit
739 1693 860 1751 passus,
889 1694 926 1733 ex
952 1676 1033 1734 notis
1059 1675 1191 1751 patebit3
1224 1694 1294 1734 cum

270 1766 374 1821 autem
398 1763 471 1837 quid
493 1763 620 1820 librario
644 1763 793 1821 debeatur
816 1762 889 1837 quid
913 1763 1075 1821 correctori
1098 1781 1158 1821 non
1181 1762 1293 1837 ubique

270 1849 406 1926 potuerit
429 1850 571 1923 discerni,
596 1850 670 1908 satis
694 1849 787 1908 habui
806 1849 985 1925 plerumque
1005 1852 1193 1909 correcturas
1213 1850 1293 1909 solas

270 1936 412 1996 indicare.
458 1937 560 2012 Atque
583 1938 712 1996 correcti
736 1942 808 1996 sunt
834 1956 895 1995 non
923 1937 1021 1996 solum
1050 1938 1149 2013 aperti
1177 1955 1293 1996 errores

270 2023 389 2082 librarii
418 2043 454 2082 ex
477 2024 643 2100 exemplari
670 2042 731 2082 non
760 2024 893 2098 diverso,
922 2026 975 2083 sed
1000 2025 1093 2083 etiam
1117 2027 1294 2083 emendatae

269 2111 431 2170 verborum
453 2111 568 2169 formae
592 2110 739 2170 sermonis
757 2111 895 2186 vulgaris
917 2111 1067 2187 propriae,
1090 2130 1168 2188 quae
1190 2115 1294 2170 tamen

269 2198 301 2257 in
327 2199 384 2257 hoc
413 2198 491 2258 libro
521 2200 609 2258 tanto
638 2198 769 2257 rariores
800 2201 871 2257 sunt
901 2202 1013 2273 quanto
1043 2199 1166 2274 longius
1199 2200 1293 2258 distet

270 2290 406 2360 tempore
425 2285 464 2359 ab
484 2286 658 2362 archetypo,
678 2285 716 2344 ad
735 2286 816 2361 quod
834 2285 913 2345 liber
930 2286 983 2344 ille
997 2286 1153 2345 Parisinus
1167 2287 1293 2362 propius

271 2371 396 2431 accedit.
442 2372 545 2431 Etiam
573 2373 693 2448 glossas
721 2375 872 2431 corrector
899 2373 1053 2431 nonnullis
1080 2373 1153 2432 locis
1182 2374 1294 2433 adiecit

269 2463 306 2518 ut
328 2479 358 2533 p.
378 2461 436 2535 42,
456 2462 474 2519 9
500 2461 731 2520 dicitiazcuocsu
756 2463 833 2535 114,
859 2463 877 2518 1
906 2462 971 2533 font
985 2463 1069 2520 :coci
1089 2458 1165 2533 114,
1187 2463 1291 2534 61)νο-

271 2548 372 2606 cliccm
386 2568 393 2605 :
406 2548 593 2620 productim.
648 2547 748 2605 Multa
778 2547 811 2604 in
842 2547 1045 2623 Neapolitano
1078 2552 1149 2607 sunt
1182 2549 1293 2608 omissa

271 2633 408 2709 inprimis
442 2634 497 2692 sub
523 2634 615 2693 linem
645 2635 848 2710 epitomarum
876 2635 921 2693 ita
951 2639 987 2693 ut
1013 2635 1172 2694 librarium
1200 2636 1291 2712 longo

269 2739 360 2796 opere
387 2721 517 2780 fortasse
545 2721 699 2780 defessum
729 2722 864 2780 laborem
893 2721 1045 2780 mutilatis
1076 2725 1106 2781 et
1135 2722 1173 2781 ad
1202 2741 1292 2782 suum

268 2827 360 2867 usum
383 2807 513 2867 redactis
541 2808 693 2884 capitibus
722 2807 781 2868 sibi
809 2810 943 2868 minuere
965 2809 1098 2869 voluisse
1121 2809 1292 2870 conieceris.

268 2898 310 2953 At
323 2896 355 2953 in
370 2895 517 2971 epistolis,
535 2915 612 2970 quae
630 2896 798 2972 principem
816 2897 917 2956 locum
930 2899 1043 2974 tenent,
1061 2899 1158 2956 multo
1173 2898 1292 2957 minora

270 2981 381 3041 omissa
396 3000 460 3041 esse
474 2983 625 3058 ridentur,
644 2983 725 3058 quod
743 3001 811 3041 cum
829 2984 861 3041 in
879 2985 936 3043 hoc
953 2984 1033 3043 libro
1047 3003 1108 3042 uno
1123 2988 1291 3058 serventur,

268 3072 359 3145 grata
381 3069 518 3129 Minerva
539 3070 656 3130 factum
679 3087 743 3129 esse
767 3074 902 3146 apparet.

358 3156 408 3216 Ad
440 3157 553 3216 librum
582 3157 822 3234 Neapolitanum
851 3159 968 3234 primus
998 3163 1029 3219 et
1059 3160 1141 3218 solus
1166 3158 1292 3236 Virgilii

269 3243 413 3318 epistolas
437 3244 582 3320 integras,
606 3245 755 3318 epitomas
779 3249 881 3304 autem
904 3247 1077 3306 decurtatae
1097 3245 1192 3306 edidit
1209 3249 1289 3322 Ang.

267 3331 375 3406 Maius,
398 3331 431 3389 in
453 3334 535 3391 tomo
554 3332 591 3390 V.
616 3331 811 3391 classicorum
834 3336 992 3392 auctorum
1010 3354 1039 3409 p.
1061 3336 1200 3393 1—149.
1233 3335 1290 3392 Vir

268 3418 459 3477 doctissimus
468 3419 622 3479 cumlibro
632 3419 941 3494 Neapolitanodenuo
950 3421 1119 3481 examinato
1127 3421 1290 3482 editionem

270 3506 399 3565 alteram
418 3525 544 3583 eamque
567 3509 750 3584 castigatam
773 3511 853 3567 esset
875 3513 1046 3586 paraturus,
1067 3513 1165 3571 morte
1183 3511 1291 3586 abrep-
