3210 4162
670 323 718 378 IV.
746 323 797 376 Du
815 323 962 378 METRIS.
1288 328 1329 390 21

302 474 788 642 {ituatur-astar
803 475 1332 644 11111111111111

266 608 268 612 “
548 608 556 636 1
973 609 983 641 5

302 641 512 724 domibusque
545 644 634 707 omni
668 644 850 708 substantia
882 644 1068 710 redundans
1094 666 1154 728 per
1180 643 1243 710 boc
1270 666 1332 708 neo

301 726 380 789 belli
393 727 548 810 peruicax
559 747 619 791 neo
634 727 800 794 doctrinae
816 729 922 792 exstat
933 728 1059 807 efficax,
1069 729 1211 810 populus
1222 731 1331 794 autem

301 830 340 873 ex
362 831 448 893 pope
467 811 530 875 hoc
545 813 649 875 estex
665 812 858 875 fortitudine
873 815 925 875 uel
940 833 1096 876 manuum
1111 812 1164 875 uel
1178 833 1330 877 sensuum
1356 846 1369 886 5

300 893 1331 1061 distulit·Nitidattttltttttntlbtit

301 1061 371 1124 loco
397 1081 494 1125 aeras
519 1061 627 1144 iuquit
648 1067 745 1144 poeto
772 1065 818 1126 sic
841 1065 899 1128 ait.
944 1063 1008 1126 hoc
1035 1084 1133 1145 quarn
1161 1063 1259 1127 stulte
1281 1063 1330 1126 lo-

301 1148 394 1208 cutus
423 1147 487 1227 est,
517 1164 590 1209 cum
619 1145 681 1210 hoc
703 1145 808 1210 dicere
830 1145 942 1210 debuit
962 1167 1066 1212 aaran
1084 1151 1187 1229 poeto.
1232 1166 1328 1213 amas

301 1229 388 1292 enirn
403 1228 444 1291 ad
458 1231 593 1292 naturae
608 1233 738 1294 tautum
753 1231 926 1295 ueritatem
941 1231 1091 1311 refertur,
1106 1251 1210 1296 aereae
1221 1233 1331 1295 autem
1343 1259 1369 1297 ro

301 1313 419 1377 dicitur
439 1313 494 1394 qui
509 1333 716 1395 nequaquam
731 1315 897 1378 mentitur.
934 1335 1001 1377 uon
1024 1314 1106 1378 bene
1122 1314 1221 1377 etiarn
1235 1314 1330 1398 pleri·

301 1417 363 1478 que
375 1398 671 1461 consummationes
682 1398 718 1460 in
730 1398 983 1479 bonampartem
991 1400 1330 1462 etconsammotc'oaem

300 1481 337 1543 in
360 1480 479 1543 malam
495 1483 679 1562 acceptant,
704 1501 777 1544 oum
792 1481 1029 1545 consummetio
1044 1481 1086 1544 ad
1101 1480 1327 1556 defectionem,

301 1564 537 1627 consummatio
560 1564 600 1627 ad
621 1563 856 1646 perfectionem
878 1566 1052 1646 pertineat.
1089 1564 1174 1628 male
1196 1563 1329 1646 quidam

302 1648 441 1727 loquelas
473 1647 508 1709 in
537 1646 718 1710 elocutione
746 1647 890 1731 intelligi
912 1649 1044 1730 uolunt,
1079 1668 1153 1710 cum
1182 1646 1328 1730 loquelae
1342 1673 1369 1713 15
1395 1668 1397 1672 ⁴

300 1729 515 1794 diminutiuae
537 1734 615 1793 sunt
636 1732 728 1812 quasi
751 1731 912 1814 simplicia
927 1731 1028 1794 clefia.
1063 1729 1213 1813 loquelae
1234 1751 1293 1813 per
1314 1752 1330 1794 e

300 1818 334 1877 et
345 1835 445 1877 unam
457 1813 468 1877 l
479 1813 667 1877 scribendae
680 1814 720 1878 ad
731 1817 909 1897 perfectam
921 1815 1088 1898 pertinent
1099 1813 1328 1880 elocutionem.

300 1899 402 1961 miror
423 1897 521 1959 etiam
543 1916 600 1960 cur
621 1903 789 1963 menturae
809 1919 869 1981 pro
885 1898 1040 1963 elimentis
1059 1902 1092 1962 et
1106 1897 1254 1962 elimenta
1269 1919 1329 1979 pro

300 1980 455 2045 meciaris
469 2001 507 2042 ex
522 1981 645 2043 nostris
661 1981 833 2063 etquidem
846 1982 1009 2063 sapientes
1020 1980 1150 2064 quidam
1163 2000 1325 2063 possuere,

300 2085 373 2128 cum
396 2063 585 2128 elimentum
606 2065 739 2128 nonnisi
760 2068 906 2128 aetreum
928 2065 1021 2147 quasi
1042 2065 1190 2128 diuinum
1205 2063 1367 2147 aliquidue

299 2147 481 2211 uocandum
496 2148 548 2210 sit.
575 2147 641 2212 bele
655 2148 741 2211 enim
757 2149 842 2232 apud
854 2148 1002 2213 Hebreos
1018 2146 1095 2212 deus
1110 2148 1180 2228 erit,
1196 2149 1282 2211 unde
1298 2151 1331 2211 et

299 2231 385 2313 apud
402 2230 522 2294 Grecos
542 2230 665 2294 helium
680 2232 730 2294 sol
745 2232 875 2295 dieitur.
907 2235 1056 2295 creatura
1071 2235 1179 2295 autem
1194 2232 1330 2294 uocatur

300 2313 456 2398 quidquid
467 2313 505 2376 de
516 2317 621 2377 terrae
632 2315 769 2378 materia
781 2319 926 2379 creatum
937 2316 989 2379 sit.
1013 2319 1090 2378 sunt
1101 2314 1255 2378 elimenta
1266 2313 1329 2377 hoc

300 2401 350 2462 est
368 2397 465 2461 initia
482 2396 700 2480 litteraturae,
728 2420 810 2482 quae
828 2421 867 2463 ex
887 2399 1109 2463 eliminatione
1130 2396 1193 2461 hoc
1216 2400 1267 2461 est
1289 2397 1329 2460 ab

299 2552 504 2561 ——-—-——

298 2629 420 2699 paginas
439 2659 472 2669 —
489 2629 634 2689 mentitur.
662 2645 776 2684 consum
800 2630 842 2684 tio
860 2630 897 2683 ad
914 2630 1106 2684 defectionem
1123 2629 1328 2684 consummatio

298 2713 366 2751 vero
385 2727 417 2738 -
434 2695 569 2765 pertinet.
640 2702 679 2750 14.
698 2697 734 2750 ib.
792 2697 837 2751 ale
856 2697 974 2763 quidam
994 2727 1024 2736 -
1043 2696 1187 2750 elocutiori
1204 2726 1237 2735 -
1249 2696 1328 2750 ouius

296 2763 411 2831 loquele
429 2779 482 2832 per
500 2779 556 2817 ·e·
575 2765 656 2816 et-
674 2761 898 2832 eloquutionem.

367 2986 383 3032 2
400 2979 477 3033 inter
510 2979 584 3034 lebie
597 2979 773 3100 etlpopulus:
792 2977 886 3046 plebis
898 2980 973 3032 enim
986 2978 1020 3032 N
1028 2981 1039 3047 ΙΙ
1051 2978 1131 3048 pleni
1141 2979 1204 3033 PN
1212 2980 1223 3047 ΙΙ
1235 2986 1251 3032 4
1263 2994 1327 3047 per·

297 3045 395 3102 viaeax
413 3048 464 3116 Pl
496 3047 606 3101 octriua
666 3049 704 3116 16
723 3046 912 3100 honoeratum
928 3047 1095 3113 Pllsssiout
1111 3046 1218 3112 Pss8f.
1231 3045 1329 3115 appel·

296 3114 372 3167 latur
383 3115 459 3167 inter
470 3130 554 3168 verus
567 3119 597 3167 et
609 3130 696 3167 verax
708 3128 793 3166 verus
805 3112 840 3166 N
849 3119 999 3167 1111111011.
1012 3114 1022 3180 ΙΙ
1035 3113 1074 3167 91.
1087 3117 1328 3167 verax-naturae

296 3215 381 3269 om.P
393 3216 403 3282 ΙΙ
418 3213 756 3292 utnon-etiamoruN
765 3214 774 3280 [Ι
790 3184 1037 3291 ltooirinotiouem
1046 3214 1074 3267 P
1086 3213 1142 3290 {1¹13
1154 3210 1261 3280 pallam
1274 3211 1327 3288 ΡΗ

299 3287 331 3334 11
344 3282 710 3356 consumotro-coueumatro
722 3281 751 3334 P
763 3282 773 3349 ΙΙ
788 3286 820 3333 15
837 3279 968 3356 loqurllas
980 3280 991 3346 ΙΙ
1004 3278 1166 3332 eluoutione
1178 3279 1228 3346 Pl
1243 3283 1273 3331 16
1288 3278 1330 3329 dr-

297 3348 434 3401 minitrvee
442 3348 471 3401 P
482 3350 492 3416 ΙΙ
506 3354 537 3401 17
547 3348 699 3415 pertenent
707 3348 735 3400 P
747 3349 757 3414 ΙΙ
770 3348 965 3414 eloqutronem
977 3348 1006 3401 P
1018 3346 1028 3412 ΙΙ
1042 3351 1074 3400 18
1085 3362 1134 3400 cur
1143 3345 1220 3410 quod
1230 3344 1264 3398 N
1272 3346 1282 3412 ss
1297 3350 1328 3397 19

252 3455 254 3458 ‘
297 3414 446 3501 creaturis
460 3446 495 3501 N
526 3453 559 3500 20
578 3446 703 3500 elimatis
720 3445 762 3524 N¹
776 3448 844 3514 {th
862 3445 896 3500 N
910 3445 1094 3523 [aethereum
1103 3443 1147 3523 'N
1155 3445 1209 3512 ll2¹
1227 3445 1328 3498 ebreus

297 3516 339 3581 P,
357 3515 479 3568 hebreos
537 3515 593 3582 1122
612 3515 678 3583 erit]
699 3513 804 3567 drortur
821 3513 852 3566 N
865 3514 874 3581 ΙΙ
889 3529 903 3566 e
917 3529 977 3566 rum
994 3514 1036 3580 P,
1055 3512 1141 3566 elorm
1160 3514 1188 3580 (o
1200 3527 1235 3566 ecc
1247 3516 1327 3578 corr.)

296 3581 331 3635 N
339 3583 350 3649 ΙΙ
363 3586 396 3636 13
413 3581 583 3651 materiabP
595 3582 605 3649 ΙΙ
618 3580 666 3649 sit]
687 3581 732 3634 est
748 3580 786 3636 N.
