3210 4162
319 278 360 341 72
552 273 708 330 VlltillLlI
726 273 891 330 MARONIS
909 272 1109 331 ΕΡΙΤΟΜΑΕ.

317 426 407 491 ribus
429 448 448 492 a
470 448 527 492 suo
550 429 636 491 statu
658 427 783 492 moueri
798 448 863 490 non
879 429 1024 510 possunt.
1061 429 1111 490 est
1126 426 1345 510 participium,

317 510 404 594 quod
426 511 523 576 (lato
545 511 580 575 in
603 512 739 576 uerbum
761 511 938 575 transferre
961 511 1085 575 solebat
1107 511 1198 574 uerbi
1222 511 1347 576 scilicet

315 595 438 677 passini
462 595 618 678 temporis
640 595 806 678 praeteriti
828 596 959 659 utillud
976 596 1123 660 omuibus
1134 595 1240 674 fratrc
1249 600 1347 676 parre

315 683 420 743 nratre
447 680 578 761 caninae
605 680 737 759 reliquis
763 681 949 745 necessariis
970 698 1095 760 proque
1122 698 1218 743 carus
1237 679 1346 758 falcra

290 763 433 842 Unctae,
463 765 549 845 quod
577 766 688 827 tamen
717 785 783 827 non
814 763 958 827 licuisset
987 764 1016 826 ei
1044 763 1168 841 facere,
1197 762 1260 825 nisi
1283 762 1345 827 hoc

315 846 524 928 participium
539 847 642 911 totius
656 847 839 911 testimonii
854 847 1048 911 sententiam
1064 846 1238 910 clauderet.
1261 866 1343 909 non-

314 929 397 992 nulli
419 928 482 994 hoc
503 932 693 1013 ignorantes
716 935 761 995 est
781 934 912 994 sumunt
926 929 1073 1011 aliunde,
1097 929 1182 1012 quod
1198 929 1282 993 sicut
1297 930 1343 992 eis

314 1012 447 1076 omnino
475 1013 582 1077 lacere
604 1035 673 1078 non
695 1014 788 1094 licet,
817 1014 865 1077 ita
888 1013 960 1077 aliis
983 1013 1112 1096 quidem
1135 1013 1343 1096 participium

313 1097 490 1160 transferre
518 1098 554 1162 in
581 1098 717 1161 uerbum
750 1098 870 1180 absque
904 1118 942 1161 eo
976 1118 1040 1180 quo
1074 1096 1214 1160 diximus
1246 1097 1343 1162 modo

275 1195 301 1234 10
313 1200 501 1263 peruersum
524 1185 557 1245 et
577 1181 803 1246 indecorosum
825 1185 882 1244 est.

619 1380 699 1465 (10.)
722 1378 771 1443 De
795 1380 1036 1444 coniunctione.

399 1513 496 1578 Nunc
519 1515 560 1578 de
576 1514 803 1579 coniunctione
818 1513 983 1596 aliquanta
998 1512 1154 1576 dicamus.
1190 1513 1340 1577 uidentur

311 1595 392 1660 mihi
416 1599 662 1662 coniunctiones
686 1618 797 1661 omnes
826 1598 992 1660 cuiusdam
1014 1600 1149 1661 catenae
1171 1597 1223 1659 uel
1243 1596 1342 1660 nexui

311 1680 416 1743 uicem
433 1684 578 1765 exsequi,
596 1681 681 1765 quod
698 1701 810 1744 omnes
826 1681 1005 1744 sententias
1021 1683 1207 1744 annectant
1230 1684 1340 1744 tamen

310 1764 489 1828 nonnullae
519 1787 557 1829 ex
586 1767 632 1830 eis
660 1784 808 1848 separare
838 1764 988 1828 dicuntur
1016 1768 1053 1828 ut
1082 1768 1188 1829 auum
1210 1768 1244 1828 et
1265 1785 1342 1830 uero
1384 1783 1386 1788 ’

272 1849 359 1911 reita
388 1849 574 1931 dumtaxat,
603 1849 631 1912 si
658 1849 694 1911 in
716 1847 876 1930 principio
899 1848 1050 1912 dictionis
1073 1848 1180 1930 posita
1200 1848 1338 1930 fuerint3

310 1930 346 1993 in
368 1932 482 1995 mediis
505 1935 613 1995 autem
636 1931 829 1996 dictionibus
849 1952 908 2013 pro
925 1931 1120 2016 copulatiuis
1134 1931 1341 1995 habebuntur

309 2014 394 2077 sicut
422 2017 579 2079 Aeneas
615 2015 786 2098 conposuit
819 2035 890 2078 cunr
917 2017 1026 2094 itaque
1052 2016 1089 2079 tn
1117 2014 1238 2080 theatro
1266 2035 1340 2079 con-

308 2099 470 2162 uenissent
488 2099 642 2178 multique
662 2099 927 2178 conflictarentur,
944 2099 1093 2162 nonnulii
1109 2103 1215 2161 autern
1228 2099 1340 2162 sedare

306 2180 460 2261 poputum
482 2182 673 2258 niterentur,
698 2181 758 2245 atii
777 2200 852 2244 uero
873 2183 910 2244 in
932 2185 1089 2245 certarnen
1096 2181 1252 2262 poputum
1266 2200 1339 2244 con-

268 2264 457 2342 recitarent,
482 2268 548 2328 turn
571 2265 617 2328 sot
639 2265 769 2346 indique
788 2263 894 2342 [aens
914 2268 1038 2329 tanturn
1053 2287 1075 2328 a
1090 2265 1214 2328 ciuibus
1228 2264 1339 2328 baberi

308 2347 502 2411 discordiam
530 2348 631 2412 subito
660 2348 794 2413 tenebris
821 2349 923 2411 merito
952 2349 1073 2428 offusus
1101 2349 1152 2411 die
1185 2349 1221 2412 tn
1248 2367 1338 2413 uara

307 2430 395 2494 uetut
427 2432 678 2495 munitissimam
706 2431 811 2496 urbem
841 2431 966 2512 resupr't.
1012 2431 1064 2494 hic
1093 2432 1179 2494 enim
1208 2434 1338 2513 praeter

306 2514 416 2593 itaque
443 2518 550 2578 cetera
579 2518 649 2578 trea
677 2515 754 2578 fona
775 2514 808 2577 id
831 2518 880 2577 est
902 2534 961 2595 que
983 2519 1089 2579 autern
1110 2534 1185 2578 uero
1209 2513 1338 2597 copula·

306 2595 377 2660 tiua
399 2597 495 2661 simul
518 2599 656 2662 suntad
680 2599 862 2681 praeterita.
898 2596 1059 2743 expletiua
1074 2600 1181 2661 autern
1201 2599 1280 2661 duas
1296 2598 1337 2660 ob

268 2693 293 2735 2⁶
307 2699 422 2744 causas
445 2681 491 2744 sic
514 2685 690 2758 uocantur,
714 2682 853 2764 primum
870 2702 933 2764 quo
972 2702 1100 2744 sensnm
1118 2680 1268 2745 dictionis
1284 2703 1336 2744 ex-

304 2763 420 2844 pleant
442 2764 494 2826 uel
518 2765 602 2846 quod
626 2766 660 2826 in
683 2764 796 2826 metris
819 2764 922 2827 locum
946 2785 1038 2827 suurn
1061 2765 1232 2827 obtineant
1246 2765 1336 2827 iuxta

304 2844 384 2909 illud
401 2845 571 2910 Catonis
594 2847 690 2912 uirile
711 2867 831 2928 quoqne
845 2851 961 2911 certari
975 2849 1109 2929 conpetit
1123 2867 1248 2929 apnrcu.
1281 2847 1336 2910 hic

304 2982 509 2993 *-

375 3068 387 3112 1
412 3064 549 3129 possunt·
566 3062 629 3115 finit
652 3062 686 3115 N
706 3067 795 3117 cetera
818 3062 917 3116 desunt
933 3063 943 3129 ll
960 3063 1005 3117 ti.
1029 3081 1086 3116 nun
1111 3062 1196 3116 nullis
1217 3064 1255 3117 P¹
1274 3064 1284 3129 ΙΙ
1304 3069 1331 3115 11

304 3160 541 3214 nunc-dicamus
564 3176 615 3214 ont.
634 3162 669 3215 N
683 3163 693 3229 ΙΙ
713 3166 743 3213 12
766 3141 883 3214 nexui⁸⁹
898 3162 932 3215 N
946 3164 1001 3230 1113
1020 3144 1156 3216 ariectant
1172 3164 1206 3217 N
1220 3164 1229 3230 ΙΙ
1245 3168 1276 3217 15
1295 3164 1335 3217 lta

304 3225 454 3280 dumtaxat
471 3242 523 3281 om.
542 3228 577 3281 N
586 3230 595 3295 l
611 3234 641 3281 16
659 3228 800 3304 habentur
817 3227 851 3282 N
860 3229 869 3296 ΙΙ
886 3236 914 3282 17
933 3231 1026 3282 teatro
1044 3230 1073 3283 P
1084 3231 1095 3299 ΙΙ
1111 3237 1209 3284 17-24
1227 3231 1333 3283 cicut—

302 3325 460 3395 practerita
478 3341 529 3382 orn.
541 3327 576 3380 N
585 3329 595 3394 ΙΙ
610 3333 641 3380 18
660 3306 897 3389 conflictarentur
908 3329 937 3381 P
948 3330 958 3405 [l
971 3329 1090 3382 nonnuli
1102 3331 1129 3383 P
1143 3332 1152 3397 ΙΙ
1166 3335 1198 3383 ‘20
1210 3331 1333 3398 tantum]

301 3394 488 3458 scrutantem
503 3395 558 3461 1123
577 3408 650 3459 quae
667 3394 695 3447 P
707 3395 717 3460 ΙΙ
731 3399 762 3445 ‘24
780 3392 815 3445 ad
832 3395 998 3464 praeterita]
1016 3396 1140 3463 petestia
1156 3398 1184 3449 P
1197 3396 1207 3463 ΙΙ
1220 3396 1331 3463 explec-

301 3458 363 3513 tiva
375 3460 412 3525 P,
431 3460 593 3582 eppletivae
605 3459 637 3513 N
648 3461 658 3527 ll
671 3465 704 3513 26
716 3461 835 3513 vocatur
846 3461 873 3513 P
886 3462 896 3528 ΙΙ
909 3461 1024 3529 expleat
1036 3462 1071 3528 P,
1090 3463 1224 3530 expleant
1238 3461 1346 3532 (exple,

303 3527 334 3580 in
352 3531 419 3594 rna)
482 3529 538 3595 1126
557 3526 712 3582 obteneunt
729 3526 790 3580 ΡΝ
795 3531 811 3584 ¹.
