3210 4162
211 327 253 392 38
448 322 604 379 VIRGILII
622 322 788 379 MARONIS
806 322 1004 380 ΕΡΙΤΟΜΑΕ.

208 479 297 561 polos
316 477 404 560 pelas
423 476 509 558 pelori
528 477 634 560 polum
652 476 741 558 celus
759 477 841 559 pelo,
863 496 931 542 non
953 476 1000 541 sic
1020 475 1093 559 pelo
1112 477 1185 560 pelo
1207 479 1240 540 et

211 566 328 626 cetera.
374 564 452 625 sunt
480 562 536 644 qui
564 561 692 642 dieunt,
721 561 798 644 quia
818 563 983 626 unicornis
1004 581 1132 644 semper
1153 561 1240 624 flecti

211 645 323 726 debet,
360 665 421 708 nos
459 648 567 708 autem
610 643 795 709 inuenimus
836 647 1010 710 unicornus
1050 649 1083 709 et
1122 647 1239 708 cetera.

211 727 379 793 sciendum
410 749 503 810 sane,
537 728 623 810 quod
656 728 760 791 omnis
792 728 1034 809 monosyllabae
1064 728 1238 792 declinatio

200 811 335 895 rduplici
357 810 558 875 nominatiuo
580 815 692 875 utatur
713 815 751 876 ut
766 812 856 893 plebs
871 813 973 894 pletis
988 816 1021 877 et
1035 811 1240 876 nominatiuo

206 896 317 978 plebis,
339 914 397 959 ors
418 898 452 958 et
473 898 566 975 ortis,
591 896 643 960 bos
658 899 691 960 et
705 896 805 960 boum.
834 899 883 960 est
898 896 979 960 aliut
999 916 1130 973 nomen,
1154 895 1240 979 quod

210 978 371 1062 duplicem
400 977 652 1043 declinationem
682 978 905 1062 duplicemque
928 980 1120 1063 qualitatem
1141 977 1241 1042 habet

209 1067 246 1127 ut
273 1082 335 1127 aas
362 1063 457 1127 auris
477 1063 690 1129 aoriaorem
713 1062 899 1160 etreliqua
945 1065 995 1127 est
1016 1067 1049 1127 et
1069 1083 1131 1128 uos
1152 1063 1241 1128 aulis

208 1148 281 1214 uoti
307 1151 414 1211 notem
441 1165 505 1212 aas
529 1147 611 1212 acii.
656 1148 782 1210 ueteres
810 1145 979 1229 dicebant,
1013 1147 1098 1231 quod
1130 1146 1241 1211 omnia

171 1244 197 1284 1⁰
209 1231 371 1295 foramina
399 1231 543 1313 corporis
571 1249 634 1296 aas
656 1230 831 1298 dicebatur.
874 1232 921 1296 sol
942 1235 1081 1313 utroque
1103 1251 1239 1295 numero

209 1313 295 1378 flecti
317 1333 387 1376 non
409 1312 615 1396 prohibetur,
638 1313 694 1377 sad
716 1313 875 1410 singulari
897 1334 1031 1377 numero
1060 1315 1106 1379 sol
1133 1315 1240 1396 ipsum

209 1397 369 1461 luminare
390 1397 453 1460 erit
486 1400 538 1460 ast
557 1397 636 1463 soles
649 1397 738 1479 ipsos
754 1398 821 1461 drea
836 1398 1051 1478 nominamus,
1072 1398 1108 1461 in
1123 1399 1239 1480 quibus

209 1479 259 1544 sol
289 1483 392 1543 totum
415 1446 593 1546 inluminat
615 1480 738 1563 polum.
783 1481 934 1544 nonnulli
957 1486 1068 1546 tamen
1091 1487 1239 1545 ueterum

208 1565 280 1645 ipsa
295 1563 440 1627 earmina
453 1565 532 1630 soles
545 1564 767 1644 nominauere,
789 1565 873 1628 siout
888 1563 1081 1629 Horatius
1097 1565 1133 1628 in
1148 1565 1240 1648 prin·

173 1658 199 1701 1⁵
212 1647 298 1730 cipio
323 1646 490 1711 cuiusdam
513 1647 687 1713 uoluminis
710 1648 819 1713 taliter
840 1669 970 1713 exorsus
993 1651 1042 1712 est
1062 1648 1142 1713 soles
1156 1668 1241 1714 meos

208 1733 297 1797 omrai
318 1732 462 1796 ecclesiae
482 1736 607 1798 uestrae
628 1733 816 1798 commendo.
860 1736 937 1795 sunt
959 1732 1058 1796 etiam
1081 1732 1239 1815 quaedam

277 1955 301 2002 3.
321 1947 357 2000 io.
383 1945 541 2000 sciendum
565 1950 607 2002 est
629 1963 698 2001 eane
717 1948 793 2014 quod
810 1949 901 2001 omnia
918 1946 1030 2016 syllaba
1048 1947 1239 2002 declinatione

208 2012 317 2080 duplici
333 2012 502 2066 nominativi
521 2015 619 2068 utatur
636 2015 671 2066 ut
685 2043 718 2052 -
734 2013 925 2068 nominativus
943 2014 1048 2081 plebis,
1068 2013 1125 2079 bis,
1145 2030 1190 2067 ars
1209 2020 1239 2069 et

209 2079 291 2145 artis,
309 2079 361 2133 bos
378 2081 408 2132 et
424 2079 516 2134 bovis.
546 2081 599 2133 Est
616 2083 646 2134 et
664 2109 695 2118 -
714 2095 813 2133 narem
832 2080 885 2146 rlq,
906 2110 936 2119 -
955 2080 1132 2137 dicebantur.
1198 2087 1237 2135 10.

207 2144 278 2201 Eoo.
297 2145 390 2199 Narro.
406 2159 435 2212 p.
455 2149 502 2198 19.-
532 2145 581 2198 Sol
602 2149 724 2214 utroque
746 2162 864 2200 numero
887 2145 963 2200 flecti
985 2163 1043 2199 non
1061 2145 1237 2213 prohibetur,

207 2211 258 2265 aad
285 2211 327 2264 sin
350 2210 422 2264 ulari
450 2228 568 2266 numero
591 2213 633 2266 sol
654 2214 798 2280 ipsum..
819 2212 1005 2270 ..ecclesiae
1029 2215 1141 2266 vestrae
1163 2229 1237 2266 com-

207 2279 311 2332 mendo
329 2229 388 2331 loc
411 2278 487 2332 enim
505 2280 588 2334 sonat
610 2280 736 2332 carmina
758 2295 831 2332 mea.
885 2279 1028 2355 ofiletiam
1049 2278 1148 2333 Bedae
1169 2281 1239 2334 ortt.

203 2359 235 2464 qr.
259 2348 327 2412 289,
354 2348 389 2400 33
414 2344 458 2399 K.-
493 2345 542 2401 Sol
568 2348 690 2415 utroque
716 2361 835 2399 numero
862 2346 1035 2411 dechnatur,
1067 2345 1117 2400 sed
1145 2347 1239 2416 singu·

219 2412 306 2467 ariter
319 2413 362 2467 ool
379 2441 411 2453 ·-
427 2413 571 2479 significat
588 2416 619 2468 at
632 2444 663 2454 -
676 2413 719 2466 ita
736 2428 849 2467 exorsus
862 2441 895 2453 -
907 2415 1085 2467 commando.
1121 2411 1184 2468 Fra
1203 2429 1237 2472 m.

207 2479 301 2557 Most,
326 2480 372 2544 (of.
401 2482 493 2549 app.):
527 2480 575 2535 Sol
605 2481 635 2532 in
661 2481 782 2546 utroque
812 2511 840 2522 -
868 2479 944 2534 flecti
974 2496 1032 2534 non
1053 2429 1237 2557 preciosior,

207 2544 257 2598 sed
274 2546 416 2665 [qmgulari
438 2563 556 2601 numero
575 2547 618 2601 sol
635 2576 669 2586 -
687 2548 732 2600 ast
749 2581 781 2590 -
799 2547 910 2600 vetares
927 2576 961 2586 —
980 2547 1094 2600 Oratrus
1113 2575 1145 2584 -—
1163 2562 1238 2600 com-

207 2628 272 2667 men
293 2628 319 2666 o.

277 2811 320 2864 tf.
339 2828 395 2865 non
408 2811 459 2878 sic]
477 2827 534 2865 non
552 2813 592 2865 ois
610 2811 638 2864 P
650 2813 689 2878 l4
706 2811 862 2879 sciendum]
887 2811 963 2866 scien
981 2827 1015 2867 ooo
1033 2814 1099 2865 sunt
1116 2813 1144 2866 P
1156 2814 1166 2880 ΙΙ
1179 2828 1237 2866 mo·

206 2889 360 2988 mosyllabii
372 2911 401 2964 P
413 2912 423 2978 ΙΙ
436 2910 625 2989 delirationes
637 2909 672 2964 N
679 2911 718 2979 115
735 2910 850 2987 nomine
867 2912 920 3032 Pp
931 2911 1029 2992 utetur
1045 2914 1074 2967 P
1086 2914 1097 2979 ll
1109 2913 1238 2991 nomina3

207 2978 249 3032 tro
265 2977 295 3031 P
311 2977 321 3045 ΙΙ
339 2983 355 3032 6
372 2977 465 3045 plebia
482 2979 513 3034 ot
529 2994 580 3032 naa
596 2977 628 3031 N
644 2983 693 3036 cet.
711 2991 763 3032 om.
782 2978 792 3045 l
809 2977 874 3032 blus
937 2978 947 3047 ll
964 2979 1008 3033 81.
1027 2994 1066 3032 na
1083 2980 1159 3032 nast1
1176 2982 1237 3033 nati

207 3078 304 3130 nutem
322 3078 397 3130 nacti
414 3078 456 3143 P,
478 3094 530 3132 nas
553 3079 629 3132 natis
646 3079 706 3131 nati
723 3080 821 3130 natam
839 3076 874 3131 N
887 3081 897 3145 l
916 3085 947 3132 10
965 3058 1088 3133 nimero
1107 3081 1135 3146 (o
1154 3083 1236 3144 eras.)

206 3175 249 3241 P,
267 3157 357 3242 utriq3
381 3177 412 3230 N
428 3177 439 3244 l
455 3192 576 3231 numeru
598 3177 631 3230 N
636 3180 642 3213 ¹
656 3178 666 3244 l
680 3183 711 3231 11
730 3177 958 3232 flecti-numero
981 3193 1015 3232 cor
1032 3179 1167 3233 testimon.
1186 3179 1237 3233 ad·

207 3242 286 3308 didi,
305 3257 356 3298 om.
374 3243 402 3296 P
419 3245 429 3310 l
438 3249 503 3311 post
518 3260 635 3298 numero
652 3261 707 3299 ros.
724 3245 796 3298 5-6
812 3244 866 3298 lito.
884 3246 917 3299 ia
932 3245 976 3310 N,
995 3246 1045 3313 qua·
1060 3245 1094 3299 ia
1111 3247 1238 3314 marpissa

207 3309 287 3364 habet
310 3310 468 3364 declinatur
491 3311 540 3364 sed
563 3311 746 3378 singulariter
767 3311 859 3377 ipsum
881 3310 1021 3365 luminare
1043 3312 1065 3364 si
1088 3312 1184 3365 nificat
1207 3316 1238 3366 at

206 3375 359 3444 pluraliter
384 3377 512 3444 sequitur
533 3393 588 3431 ros.
608 3380 714 3432 10-12
731 3377 783 3431 litt.
802 3377 812 3444 ΙΙ
831 3382 861 3429 12
870 3378 889 3430 1,
913 3379 942 3431 in
974 3377 1009 3433 :b
1020 3399 1027 3431 ε
1038 3330 1161 3432 solutum
1180 3380 1208 3433 P
1222 3382 1235 3447 ll

208 3447 240 3496 1³
259 3443 356 3497 tamen
375 3447 504 3497 veterum
523 3459 573 3497 ora.
592 3445 625 3498 N
638 3446 648 3512 ΙΙ
668 3451 699 3497 14
716 3444 919 3499 nominavere*
935 3394 969 3499 ll
988 3445 993 3512 Ι
1010 3444 1118 3498 oratius
1136 3446 1165 3499 P
1181 3447 1237 3513 1115

207 3524 285 3564 meos
308 3526 342 3564 eor
363 3527 444 3564 maus
466 3511 589 3578 Pupost
612 3526 690 3565 meos
712 3527 768 3566 roa,
786 3514 854 3566 4-5
877 3511 932 3567 litt.
999 3513 1009 3579 u
1028 3517 1060 3565 16
1082 3513 1179 3565 omnia
1198 3511 1237 3576 N,

208 3578 341 3631 omniaP
352 3579 363 3646 11
376 3577 503 3632 aetesiae
512 3580 541 3634 P
553 3579 563 3646 ΙΙ
576 3578 645 3634 oddo
654 3578 683 3632 P
695 3579 705 3646 l
719 3583 750 3632 16
759 3576 789 3633 ff.
802 3579 868 3631 sunt
877 3577 1187 3634 etiam—vassibusom.
1196 3579 1235 3634 N.
