3210 4162
675 289 892 346 PRAEFATIO.
1232 294 1301 349 XIII
1356 326 1363 338 ·

360 475 471 534 Restat
488 478 525 534 ut
539 475 577 534 de
596 477 796 551 epitomarum
811 477 924 549 ordina,
944 496 1035 554 quem
1049 479 1081 536 In
1095 479 1152 538 hac
1167 479 1300 539 editione

270 562 405 634 institui,
430 566 462 621 et
485 563 522 621 de
545 563 665 623 ratione
687 565 733 622 rei
756 566 1009 642 orthographicas
1032 585 1130 642 pauca
1153 567 1300 628 adferam.

270 649 435 726 Virgilium
444 653 494 709 ter
503 651 610 727 quinas
620 653 768 728 epitomas
780 654 1051 714 confecisseverbis
1060 655 1193 716 auctoris
1203 656 1300 732 ipsius

272 743 409 816 apparet
436 739 520 800 Dicit
533 741 613 799 enim
627 761 657 818 p.
667 742 769 819 121‚8
781 789 803 802 ..
817 761 866 816 epo
879 745 943 816 ipsc
955 745 988 802 lo
1003 745 1142 817 epitom&
1153 749 1205 804 ter
1222 748 1298 818 qoi-

267 831 326 888 nis
342 845 464 886 numero
474 832 634 903 proprium
642 833 814 902 pronomini
827 832 984 890 suana-im
998 833 1177 904 opuscum
1209 831 1300 891 Prae-

268 919 355 975 terea
365 915 523 990 inscriptio
535 915 598 974 cod.
609 916 742 976 Parisini
755 918 834 975 hunc
849 918 977 976 eundem
986 937 1148 977 numerum
1158 920 1300 991 serravit,

268 1003 306 1061 cf.
322 1023 350 1078 p.
369 1006 385 1060 1
403 1000 588 1061 MARONIS
603 1002 778 1062 VIRGILII
796 1003 1008 1063 ORIVNTVR
1026 1004 1300 1066 ΑΕΡΙΤΗΟΜΑΕ

270 1090 336 1150 XV.
355 1090 458 1165 Atque
464 1092 600 1164 priorum
608 1093 743 1167 capitum
753 1091 887 1150 ordinem
896 1093 984 1151 facile
995 1111 1030 1151 ex
1038 1093 1186 1151 librorum
1192 1112 1301 1152 manu-

269 1178 450 1252 scriptorum
466 1177 715 1253 inscriptionibus
731 1179 1043 1253 subscriptionibusve
1057 1181 1226 1240 constituas
1241 1181 1300 1242 ita:

267 1263 292 1324 I.
307 1264 363 1322 DE
379 1263 601 1324 SAPIENTIA
621 1259 670 1345 (P,
685 1267 722 1325 N
734 1268 767 1324 in
779 1259 901 1347 marg),
920 1267 960 1325 ΙΙ.
976 1268 1030 1325 ΒΕ
1049 1267 1232 1327 LITTERA
1246 1261 1298 1349 (cf.

268 1351 382 1412 subscr.
402 1352 466 1410 cod.
481 1344 596 1433 Vind.),
618 1353 675 1414 III.
696 1354 752 1412 Du*
780 1354 967 1413 SYLLABA
987 1346 1059 1436 (V),
1081 1355 1134 1414 IV.
1153 1355 1208 1414 ΒΕ
1226 1356 1299 1414 ΜΕ-

267 1439 360 1498 TRIS
376 1433 447 1520 (IV),
461 1440 497 1498 V.
512 1439 568 1498 Du
585 1439 745 1500 NOMINE
761 1434 831 1522 (V).
850 1441 1025 1516 Capitulum
1040 1446 1143 1501 autem
1163 1444 1200 1501 de
1218 1447 1299 1502 cata

267 1528 337 1602 logo
356 1528 623 1602 grammaticorum
638 1529 718 1604 quod
732 1528 764 1586 in
778 1529 813 1586 N
822 1548 982 1588 numerum
992 1529 1021 1587 V
1032 1522 1177 1609 (fortasse
1192 1549 1229 1590 ex
1242 1529 1299 1588 XV

267 1607 484 1695 depravatum)
503 1635 577 1692 prae
596 1634 629 1674 se
648 1617 722 1693 lert,
746 1617 947 1691 epitomarum
967 1636 1044 1693 opus
1063 1617 1211 1677 clausisse
1229 1635 1298 1676 cum

268 1720 305 1761 ex
329 1703 462 1762 auctoris
482 1703 583 1762 verbis
606 1703 638 1762 in
660 1703 720 1762 fine
744 1704 852 1779 capitit
875 1704 985 1778 positis
1007 1724 1036 1778 p.
1061 1707 1119 1764 92:
1143 1705 1228 1764 Haec
1246 1723 1297 1764 oo·

268 1792 312 1849 bis
335 1791 487 1849 candales
510 1795 596 1863 arque
618 1792 771 1858 ducales,
800 1793 895 1864 lecum
911 1797 1111 1865 paternorum
1134 1792 1219 1851 libris
1236 1810 1296 1864 pro

268 1881 439 1936 cunctorum
462 1879 587 1937 utititatc
610 1883 696 1952 atque
719 1880 813 1938 solute
836 1878 953 1952 exceptu
972 1881 1141 1938 iostuccsse
1164 1881 1298 1952 sufficiat

265 1968 334 2024 tum
358 1984 395 2024 ex
418 1966 641 2042 subscriptione
664 1966 775 2026 codicis
799 1966 1007 2040 Neapolitani:
1036 1966 1169 2040 Explicit
1191 1965 1305 2037 Mara

266 2056 315 2112 uis
340 2054 460 2126 Virgilii
477 2057 561 2112 recte
579 2055 760 2129 colligimus.
802 2053 960 2127 Epitomas
979 2052 1060 2112 XIV.
1081 2057 1112 2111 et
1129 2053 1224 2124 XIH,
1249 2055 1297 2111 cui

267 2144 374 2200 auctor
396 2141 461 2214 ipse
485 2141 542 2199 hoc
564 2159 673 2200 nomen
697 2134 895 2219 inscripsit¹)‚
919 2159 955 2198 ex
974 2140 1158 2199 auctoritate
1182 2140 1247 2200 cod.
1267 2141 1296 2198 N

267 2246 336 2287 cum
359 2228 492 2302 epitoma
519 2229 629 2286 ultima
652 2228 798 2287 coniunxi.
846 2226 929 2297 Quae
955 2227 1037 2287 inter
1066 2230 1167 2302 capita
1194 2227 1298 2302 priora

268 2318 299 2373 et
317 2316 489 2389 posteriora
506 2317 672 2387 intersunt,
697 2334 765 2373 cum
787 2314 859 2373 libri
878 2332 938 2372 non
958 2315 1034 2374 satis
1058 2318 1143 2373 certa
1161 2316 1296 2383 tradant,

267 2421 304 2461 ex
327 2403 502 2461 coniectura
525 2403 654 2460 alterum
679 2402 800 2478 Virgilii
826 2421 901 2476 opus
920 2393 1128 2481 Donatique²)
1152 2402 1297 2477 principis

267 2491 538 2566 grammatIoorum
567 2493 664 2548 artem
692 2490 831 2565 exempla
859 2494 982 2548 secutus
1010 2489 1146 2564 disposui
1175 2489 1234 2564 ita,
1261 2492 1298 2547 ut

268 2597 428 2637 numerum
451 2581 500 2637 ter
523 2578 684 2654 quinarum
709 2578 909 2653 epitomarum
934 2578 1127 2652 complerem.

358 2666 404 2724 De
435 2684 469 2724 re
500 2665 748 2741 orthographica,
781 2666 902 2739 qualem
925 2665 1131 2736 instituerem,
1165 2663 1297 2721 multum

267 2753 379 2828 diuque
394 2753 557 2828 haesitavi,
577 2772 645 2812 eum
660 2770 757 2829 neque
771 2751 888 2811 codices
903 2751 1091 2827 Virgilianos
1107 2751 1181 2810 satis
1197 2753 1295 2810 certos

342 2924 369 2989 1)
388 2920 423 2975 cf.
442 2938 471 2989 p.
491 2924 534 2984 81,
554 2925 588 2973 21
608 2919 664 2974 Sed
681 2936 717 2974 ne
734 2921 797 2990 quis
815 2922 899 2974 etiam
916 2918 1082 2973 munusculo
1101 2932 1129 2971 se
1147 2917 1299 2984 resaperet

266 2992 480 3059 defraudatum,
505 3005 593 3043 uorem
611 2991 689 3044 cobis
712 2992 797 3044 baius
815 2991 856 3044 rei
870 3004 977 3058 ponam
1001 2987 1201 3050 testimonium,
1225 2987 1299 3054 quod

265 3079 341 3118 mccc
359 3062 516 3116 clausulam
534 3060 616 3114 dabit
634 3061 810 3128 epitomae.

338 3133 368 3200 2)
387 3130 494 3185 Donati
518 3145 564 3184 ars
587 3127 682 3183 minor
705 3129 776 3183 haec
794 3128 881 3184 hebet
905 3128 1015 3198 capitae
1045 3126 1081 3182 de
1104 3125 1236 3194 nomine,
1263 3126 1298 3181 de

267 3202 445 3323 ΜΨ
470 3201 505 3256 ‘¹⁶
523 3196 1298 3324 veVah²‘litlt‘tu‘tt,lllitltu‘tttlllt

266 3274 620 3407 blrbbemaioffiecozlobb
641 3311 676 3393 tle
692 3289 832 3406 littera,
852 3338 889 3391 de
907 3285 1059 3405 sillano,
1080 3336 1115 3390 de
1133 3335 1297 3404 pedibus,

267 3412 303 3467 de
322 3411 412 3479 tonis,
432 3411 467 3465 de
486 3411 636 3481 posituris,
660 3409 696 3464 da
714 3409 844 3478 partibus
860 3407 1010 3474 orationis,
1029 3406 1185 3460 succedunt
1203 3406 1298 3458 autem

267 3482 304 3537 de
317 3482 509 3550 barbarismo,
526 3479 562 3535 de
581 3480 762 3545 soloecismo,
776 3480 811 3532 de
827 3478 928 3534 ceteris
943 3475 1036 3543 vitiis,
1052 3476 1087 3529 de
1101 3475 1298 3544 metaplasmo,

267 3553 303 3608 de
322 3552 528 3619 schematibus,
548 3552 583 3607 do
602 3550 693 3620 tropis
712 3550 758 3620 (cf.
779 3549 850 3604 Keil.
871 3549 995 3604 Granum.
1010 3547 1061 3602 lat.
1081 3546 1101 3600 t.
1117 3545 1175 3614 IV).
