3210 4162
306 253 354 332 52Ι
543 248 700 305 VIRGILII
717 247 883 304 MARONIS
902 247 1099 303 EPITOMAE.

306 406 369 469 hoc
387 406 545 469 Aeneas
569 407 601 468 et
616 403 757 469 Cicero
772 402 946 486 obiurgant
960 401 1105 467 dicentes
1120 401 1334 467 indicatiuum

306 488 437 552 modum
459 488 500 553 ab
528 488 677 552 omnibus
698 488 793 553 certis
820 486 1007 551 auctoribus
1036 486 1260 570 principaliter
1282 506 1334 549 ua·

306 575 492 655 surpatum,
522 572 751 655 imperatiuum
778 574 885 635 autem
913 570 1101 635 secundarie
1129 590 1257 653 semper
1278 569 1335 632 hs-

305 656 422 738 bitum,
446 656 636 739 praesertim
659 677 732 720 cum
754 655 965 738 imperatiuus
981 652 1093 718 modus
1109 655 1247 737 primam
1262 675 1334 736 per-

280 759 420 803 ssonam
454 760 523 803 non
556 739 687 817 habeat,
722 759 804 822 quae
835 759 975 822 persona
1008 737 1163 821 primaria
1194 757 1264 801 esse
1294 737 1335 800 ab

305 823 493 887 hominibus
516 822 672 902 difinitur,
695 823 772 887 licet
794 823 829 885 iu
851 823 968 905 plurali
984 843 1120 887 numero
1136 822 1248 886 eadem
1264 842 1334 902 per-

306 928 388 972 sona
414 906 510 971 modo
538 906 730 989 imperatiuo
758 907 950 990 accipiatur,
979 926 1075 989 quam
1102 904 1254 970 nonnulli
1284 926 1335 969 ue

265 998 271 1007 ‘
305 995 412 1055 tarum
435 992 534 1054 etiam
556 990 591 1054 in
614 991 675 1056 hoc
697 1011 832 1055 numero
847 1010 1007 1074 accepere.
1038 989 1206 1072 optatiuus
1221 988 1335 1053 modus

307 1073 435 1151 dicitur,
460 1095 519 1158 per
541 1094 637 1156 quem
659 1094 754 1137 omne
777 1075 861 1155 quod
884 1073 1134 1157 concupiscibile
1155 1073 1264 1136 animo
1289 1073 1336 1152 lit,

269 1181 293 1219 10
306 1160 448 1239 optatur.
478 1157 563 1221 unde
586 1160 619 1221 et
641 1156 828 1221 aduerbium
849 1156 981 1239 optandi
996 1156 1183 1238 frequenter
1197 1156 1336 1220 adsumit

307 1241 370 1305 hoc
393 1244 442 1305 est
463 1243 601 1319 cainam,
626 1241 717 1304 ouius
740 1244 790 1305 est
811 1262 925 1304 sensus
947 1240 1064 1306 callim.
1109 1241 1165 1304 sed
1188 1240 1335 1304 aboritur

306 1325 453 1406 quaestio
487 1345 555 1389 non
594 1325 746 1404 minima,
786 1325 891 1405 quoad
927 1324 989 1388 hoc
1022 1324 1212 1388 aduerbium
1245 1324 1334 1387 omni

306 1428 465 1491 personae
491 1409 664 1472 conueniat
685 1411 822 1473 uticum.
868 1408 925 1471 sed
946 1408 1007 1472 hoc
1030 1407 1220 1490 dicendum,
1250 1407 1335 1489 qued

308 1491 501 1556 aduerbium
516 1493 563 1556 ita
579 1492 668 1556 omni
686 1512 844 1575 personae
860 1492 1073 1575 coaptabitur,
1090 1495 1127 1555 ut
1141 1491 1240 1556 fuerit
1255 1491 1334 1555 ordo

268 1598 294 1638 rs
307 1597 533 1661 personarum,
554 1578 592 1639 ut
614 1575 657 1639 sit
678 1577 804 1641 utinam
825 1575 973 1640 uiderem
994 1576 1186 1659 praesilire,
1209 1576 1335 1642 atticum

306 1660 438 1724 cidares
459 1680 519 1742 pro
540 1661 642 1741 uelim,
665 1661 792 1724 cliuum
814 1660 941 1724 uideret
985 1681 1021 1723 ro
1044 1660 1133 1724 uellit
1154 1665 1188 1723 et
1209 1659 1255 1722 sic
1277 1681 1335 1742 per

306 1745 422 1807 cetera.
469 1747 517 1807 est
546 1743 643 1807 etiam
673 1743 736 1807 alia
763 1742 857 1806 huius
891 1682 1083 1822 inteilectm,
1119 1742 1249 1826 quando
1276 1765 1335 1826 pro

306 1827 449 1909 uticam,
479 1832 516 1891 ut
536 1826 676 1910 ponitur.
723 1827 787 1890 alio
809 1827 941 1891 nomine
964 1829 1120 1890 Aeneas
1142 1826 1280 1891 uocabat
1301 1834 1337 1893 ut

307 1929 367 2055 pro
390 1909 537 1993 optatiuo
560 1911 777 1975 caussatiuum
799 1913 949 1993 poneret,
974 1908 1058 1974 unde
1081 1914 1114 1974 et
1135 1931 1194 1994 pre
1216 1916 1253 1976 ut
1274 1911 1335 1976 hoc

268 2014 294 2053 20

321 2014 380 2057 oco
424 2014 464 2058 ac
501 1994 662 2058 causalem
698 2014 833 2077 persepe
869 1993 1029 2077 ponimus.
1089 1993 1237 2059 aboritur
1274 1995 1337 2058 alia

307 2075 454 2159 quaestio
483 2077 517 2139 in
542 2079 603 2140 hoc
634 2077 744 2141 eodem
772 2076 882 2160 mode,
912 2098 1011 2160 quare
1034 2078 1199 2159 optatiuus
1221 2079 1336 2143 modus

307 2180 374 2223 non
402 2159 534 2224 solitum
552 2163 737 2245 ‚temporum
759 2181 929 2225 numerum
952 2160 1119 2244 suppleat,
1148 2162 1232 2226 sicut
1253 2162 1335 2226 indi-

376 2345 401 2394 8.
420 2340 493 2397 Eae.
512 2341 599 2397 Bere.
616 2346 682 2408 197,
700 2348 749 2397 10:
761 2341 927 2426 *optativus
951 2343 1122 2410 (optavimus
1139 2344 1210 2410 eccl.)
1234 2344 1337 2398 dicitur

307 2452 340 2464 -
359 2425 523 2503 concupisci
542 2425 597 2479 vile
615 2425 654 2479 sit
670 2455 701 2464 —
722 2428 773 2548 opt
797 2442 833 2480 arr
852 2455 884 2465 -
902 2426 1036 2480 convenit
1054 2456 1086 2466 -
1110 2427 1188 2493 quod
1213 2427 1265 2480 hoc
1290 2427 1336 2480 ad·

307 2489 487 2634 :urerer
499 2491 1219 2628 triers0ltrut'zssu’ri93arumrrsulas
1233 2493 1273 2613 ll·
1286 2496 1337 2630 53?

307 2624 396 2700 nrtur3
422 2623 478 2677 alio
497 2625 610 2678 nomine
629 2631 788 2680 Aeneas-
807 2627 982 2680 causativum
1000 2655 1033 2664 -
1051 2642 1087 2680 na
1106 2627 1249 2681 causalem
1269 2642 1336 2696 sepe

307 2704 447 2759 pommus.
509 2690 815 2756 22.Ecc.Bera.197,
835 2697 883 2746 18:
903 2691 995 2757 Quare
1015 2693 1159 2761 optativus
1178 2693 1337 2761 -supleat

308 2757 341 2863 si
356 2755 503 2892 llssssgult
527 2759 722 2812 coniunctivus
740 2789 772 2800 -
791 2759 912 2814 dicenda
935 2761 978 2813 est
997 2789 1026 2799 —
1048 2760 1123 2826 quod
1149 2762 1191 2814 est
1214 2760 1336 2829 amplius

309 2921 515 2938 -ι-ι--ι-Δ-ι-

380 2998 391 3043 1
410 3007 508 3045 aenaeae
521 2992 548 3046 P
561 2991 571 3059 ll
584 2997 599 3044 2
617 2991 778 3046 homiuibus
790 2992 817 3046 P
829 2994 839 3061 l
852 2993 995 3047 actoribus
1008 2992 1035 3046 P
1047 2995 1057 3062 l
1070 3000 1086 3048 3
1099 2993 1272 3048 secundariae
1284 2994 1312 3047 P
1322 2994 1336 3063 ΙΙ

308 3106 439 3161 habitum
453 3108 480 3162 P
493 3108 503 3176 u
516 3114 532 3162 4
545 3071 636 3176 modls
648 3109 697 3177 Pp
711 3110 899 3178 personaflsfss
910 3110 938 3163 P
950 3111 959 3178 ιΙ
973 3115 988 3162 6
1001 3110 1029 3162 iu
1041 3121 1109 3179 ιιιιιι
1121 3110 1175 3164 rali
1187 3111 1215 3164 P
1227 3112 1237 3178 l
1249 3099 1339 3178 peona

307 3207 358 3285 Ριι
370 3213 387 3284 a
399 3187 451 3261 110⁰
463 3209 491 3262 P
503 3208 514 3275 ι
524 3208 587 3288 acor
608 3224 655 3263 ere
668 3209 696 3263 Ρ
705 3209 830 3329 puseus
846 3209 872 3265 e.
884 3223 935 3262 om.
945 3210 998 3278 Nl
1013 3215 1042 3262 11
1057 3210 1158 3264 vearm
1170 3210 1223 3277 Nl
1238 3215 1269 3263 rr
1282 3228 1336 3266 non

307 3289 426 3395 talu*
452 3289 570 3396 llll?
586 3275 1337 3413 „errllrrlldllllssstatuerentur

309 3454 360 3507 pro
384 3441 417 3493 ua
438 3441 570 3522 oboritur
589 3440 647 3495 alia
668 3443 779 3562 (pusacio
798 3441 832 3496 N
846 3444 856 3511 ιι
876 3449 906 3496 17
924 3412 977 3496 ull
995 3442 1045 3512 Ρι
1060 3449 1091 3498 ra
1109 3443 1223 3522 roano
1242 3446 1270 3499 P
1282 3447 1291 3512 ι
1304 3451 1338 3498 so

309 3506 356 3574 no]
377 3522 430 3561 uec
448 3507 476 3562 P
487 3510 498 3576 l
511 3513 542 3562 21
562 3524 673 3563 ru-mo
695 3523 711 3562 o
728 3523 778 3564 om.
795 3508 893 3577 Ν1122
911 3510 1037 3563 saluum
1055 3510 1096 3576 P,
1115 3511 1285 3581 solrssssltum
1297 3511 1336 3565 N.
