3210 4162
276 269 337 332 110
504 266 659 322 VIRGILII
676 266 846 323 MARONIS
863 266 1072 322 EPISTOLAE.

272 419 388 482 debere
421 418 609 482 exhortatur
640 439 679 484 res
707 441 729 484 o
756 438 811 482 om
845 421 882 480 ut
911 418 1017 483 doetus
1046 419 1136 484 doato
1164 419 1296 503 doctum,

272 501 387 566 deinde
408 503 444 566 iu
467 523 498 568 es
519 506 556 566 ut
573 501 689 583 foetes,
713 501 828 566 deinde
843 502 877 565 in
893 522 931 566 os
945 503 1158 578 montaudun,
1182 502 1297 568 deinde

271 586 306 649 iu
329 608 345 652 e
365 590 403 650 ut
430 607 527 651 omne.
571 587 718 682 opinioni
747 606 807 648 nos
836 586 965 649 eredere
992 589 1137 669 oportet,
1166 590 1200 650 at
1229 608 1296 650 non

272 669 378 733 solum
406 669 481 734 huie
511 670 659 752 opinioni
690 669 864 752 oredimus,
896 690 1008 732 uerum
1042 670 1140 733 etiam
1173 671 1209 732 in
1237 669 1296 746 has

232 771 245 808 ⁵
272 754 398 817 easdem
421 754 562 836 syllabas
584 756 686 818 multa
709 774 830 837 genera
853 757 984 836 exeant,
1012 754 1095 817 sieut
1116 754 1150 816 in
1172 773 1211 818 us
1233 755 1296 818 duo

271 858 408 919 genera,
438 838 650 901 masculinum
679 842 711 902 et
738 841 888 900 neutrum
912 840 950 900 ut
971 857 1104 902 maneus
1126 840 1159 900 et
1180 839 1294 918 impos.

270 921 326 984 sed
342 941 458 1005 graeca
472 921 604 984 nomina
619 941 748 984 omnem
763 940 921 1004 generum
936 920 1131 1003 syllabarum
1147 922 1294 1004 regulam

270 1009 493 1086 corruperunt.

355 1088 450 1151 Multi
474 1088 512 1151 de
535 1088 736 1151 nominatiuo
760 1107 835 1150 casu
856 1088 960 1150 multa
982 1087 1137 1169 seribere3
1160 1086 1214 1151 sed
1232 1087 1295 1153 hoe

231 1171 355 1234 winter
384 1175 490 1235 cetera
511 1172 651 1234 maxime
673 1171 852 1253 requisisti,
882 1190 938 1233 our
959 1170 1170 1235 masculinum
1195 1172 1295 1235 et'fe-

267 1253 428 1318 mininnm
451 1260 484 1318 et
505 1257 657 1318 neutrum
680 1253 805 1318 dicendi
830 1255 864 1317 in
887 1275 947 1318 usu
963 1255 1128 1318 habemus.
1163 1253 1293 1337 quidam

267 1339 458 1421 simpliciter
480 1338 645 1418 dixerunt,
669 1338 755 1422 quod
777 1338 990 1401 masculinum
1011 1338 1075 1402 hoe
1088 1359 1157 1402 esse
1172 1338 1292 1414 debuit,

267 1423 351 1503 quod
380 1423 554 1485 seeundum
583 1422 807 1485 habitudinem
837 1422 980 1502 eorporis
1009 1421 1233 1486 ostenderetur
1261 1428 1294 1486 et

266 1505 313 1567 ita
334 1505 526 1568 femininum
549 1507 586 1567 ut
607 1507 662 1570 uir
684 1511 717 1568 et
738 1505 869 1583 mulier,
893 1509 1007 1568 tonores
1023 1508 1055 1567 et
1068 1524 1184 1582 noceo,
1208 1507 1293 1570 ories

228 1604 253 1643 15
267 1589 301 1650 et
322 1590 404 1665 ouis,
428 1590 519 1653 eoois
540 1591 573 1651 et
594 1593 666 1653 eolo
690 1590 722 1650 et
744 1591 851 1652 oetera
865 1587 1026 1650 animalia.
1058 1608 1169 1651 omnes
1185 1593 1290 1652 autem

265 1691 317 1732 res
340 1671 523 1735 materiales
544 1674 581 1733 ut
603 1673 724 1754 lapides
746 1674 779 1734 et
801 1673 930 1737 arbores
952 1675 985 1734 et
1007 1673 1099 1752 siqua
1115 1674 1192 1734 sunt
1206 1673 1292 1734 simi-

265 1753 327 1831 lia,
354 1755 516 1819 neutralia
543 1754 605 1818 diei
640 1755 759 1818 debere
789 1757 993 1818 censuerunt.
1037 1753 1113 1817 inde
1142 1754 1292 1819 dicebant

263 1838 314 1900 tio
334 1840 389 1902 uir
412 1838 542 1904 ethaeo
563 1839 677 1903 mulier
700 1841 733 1901 et
754 1839 811 1902 hoo
832 1839 916 1920 lapis
938 1841 972 1899 et
991 1837 1049 1902 hoo
1070 1838 1167 1903 orbor
1189 1842 1221 1901 et
1235 1839 1291 1903 hoo

264 1941 337 1986 σενα
359 1927 392 1985 et
414 1923 587 2004 herponis
609 1926 641 1985 et
662 1922 719 1986 hoo
740 1923 852 1986 domne
873 1924 907 1984 et
928 1921 985 1986 hoo
1006 1940 1131 1986 monos.
1173 1942 1290 1986 moneo

225 2020 251 2060 20
264 2004 373 2088 itaque
394 2009 443 2084 te,
467 2027 486 2070 o
509 2005 609 2069 frater
625 2006 806 2087 carissime,
830 2008 868 2068 ut
882 2005 1031 2087 quamuis
1046 2026 1113 2069 non
1128 2005 1190 2068 hac
1204 2027 1291 2071 uuna

263 2089 495 2151 consuetudine
523 2089 684 2152 scribendi
712 2092 859 2168 utamur,
887 2093 995 2151 tanren
1025 2088 1100 2170 quia
1128 2088 1190 2151 hoo
1212 2093 1291 2170 aput

262 2175 387 2234 ueteres
420 2192 479 2254 pro
513 2176 601 2235 recto
635 2172 810 2248 habeatur,
849 2170 954 2253 siquid
987 2171 1072 2234 forte
1104 2171 1289 2237 huiusmodi

261 2255 417 2336 seriptum
440 2255 640 2338 repperiens,
664 2255 740 2318 licet
761 2277 826 2318 nou
850 2255 890 2317 ad
913 2254 1127 2318 indubitatam
1151 2255 1289 2318 auotori-

261 2340 361 2400 tatem
385 2338 597 2401 refferendum
619 2343 728 2420 putes,
750 2343 861 2401 tamen
885 2338 967 2420 quod
985 2361 1004 2400 a
1018 2338 1182 2401 ueteribus
1197 2359 1288 2402 usur·

223 2426 373 2504 sapatum
403 2428 463 2500 est,
493 2421 726 2505 reprehendere
756 2423 888 2484 omnino
916 2442 981 2485 non
1011 2421 1118 2484 debes.
1162 2442 1287 2485 uerum·

260 2512 369 2568 tamen
393 2504 472 2569 haee
493 2510 557 2569 tria
578 2526 698 2588 genera
724 2509 858 2588 propter
879 2504 1104 2569 discretionem
1125 2504 1286 2589 quandam

329 2694 352 2741 9.
371 2689 428 2742 Ars
445 2704 491 2745 an.
503 2688 590 2741 Rern.
603 2690 649 2753 82,
661 2691 711 2741 27:
736 2686 872 2755 Virgilius
890 2686 1025 2738 Assianua
1044 2687 1117 2738 dixit
1134 2687 1169 2739 ad
1182 2687 1285 2740 Iulium

260 2752 422 2807 diaconem:
445 2753 498 2807 hoo
520 2754 595 2807 inter
617 2756 714 2807 oetera
735 2754 859 2805 maxime
882 2753 1034 2819 requesieti
1052 2781 1085 2791 -
1103 2755 1235 2806 neutrum
1254 2753 1283 2807 in

259 2847 291 2859 -
309 2819 465 2874 habeamus
483 2849 517 2860 —
533 2820 719 2873 masculinum
737 2820 792 2873 hoe
810 2856 843 2864 -
861 2834 932 2872 vaca
949 2848 982 2858 -
1001 2818 1117 2872 eada-
1129 2820 1284 2875 matiriales

258 2915 291 2925 -
309 2888 477 2941 neutraliter
494 2917 528 2926 —
545 2887 621 2940 unde
639 2916 673 2925 —
689 2902 799 2942 manus.
899 2891 938 2938 15.
957 2885 1028 2939 Eae.
1046 2886 1131 2940 Boon.
1150 2889 1215 2952 192,
1234 2889 1282 2941 29:

258 2952 356 3008 Omnis
373 2956 468 3007 autem
482 2983 514 2993 -
527 2952 740 3007 neutraliter-
753 2953 829 3006 unde
843 2982 873 2991 -
887 2955 981 3006 uranio
1000 2958 1111 3015 (moneo
1124 2968 1195 3007 corr.
1206 2969 1240 3008 m.
1253 2957 1283 3019 2)

258 3049 291 3058 -
309 3022 339 3073 te
356 3021 445 3075 frater
463 3060 469 3073 .
489 3064 495 3076 .
514 3035 571 3074 non
588 3019 642 3074 hae
661 3036 718 3074 non
737 3058 744 3072 .
764 3059 770 3072 .
789 3019 896 3072 utimur
917 3067 921 3072 .
943 3059 949 3071 .
970 3063 975 3075 .
995 3019 1071 3087 apud
1091 3063 1097 3077 .
1118 3062 1123 3073 .
1143 3062 1151 3077 .
1169 3057 1176 3071 .
1194 3020 1283 3073 habe-

257 3085 343 3140 batur
369 3087 447 3155 sedq;
471 3085 544 3140 forte
569 3127 627 3144 ...
650 3088 792 3155 repereris
817 3127 823 3139 .
844 3125 851 3139 .
873 3131 879 3143 .
899 3131 905 3143 .
927 3087 1107 3139 referendum
1134 3132 1165 3144 ,,
1186 3125 1193 3141 .
1215 3086 1283 3155 quia

257 3155 402 3208 veteribus
421 3197 427 3210 .
448 3193 454 3208 .
476 3170 558 3212 ,non
577 3153 663 3208 debes
681 3154 804 3211 omnino.
1211 3171 1215 3179 ·

325 3321 387 3375 Sin
407 3322 434 3390 e]
455 3318 484 3392 iu
502 3336 530 3386 aa
547 3320 581 3373 N
594 3322 604 3387 1
621 3320 755 3388 opinione
774 3318 809 3373 N
821 3322 832 3386 11
849 3321 882 3372 ut
898 3319 930 3372 N
940 3320 978 3386 l⁴
998 3320 1097 3386 etiem]
1117 3320 1193 3385 quod
1212 3320 1279 3374 add.

255 3385 321 3439 Mai
337 3389 347 3455 1
365 3395 381 3441 b
399 3388 503 3442 multae
521 3386 555 3441 N
569 3402 638 3441 corr.
655 3386 721 3439 Mai
737 3388 775 3453 119
794 3386 889 3454 multi]
910 3387 988 3439 uolui
1005 3387 1108 3439 Hortel
1119 3387 1129 3452 1
1142 3386 1278 3456 seribere]

254 3453 323 3517 fort..
342 3454 478 3508 scribsere
495 3456 505 3522 11
524 3461 555 3506 12
578 3468 648 3522 quos
670 3453 705 3506 N
724 3468 794 3506 corr.
813 3453 875 3505 ulai
891 3453 901 3520 11
920 3459 950 3506 17
974 3454 1093 3506 deberet
1109 3453 1152 3520 N,
1175 3453 1280 3507 debere

256 3533 324 3576 corr.
344 3521 409 3574 Mai
421 3523 431 3588 11
445 3528 477 3575 26
495 3519 647 3590 quendam.
