3210 4162
652 309 699 364 Vl.
727 309 777 363 DE
796 307 1081 373 CONIUNCTIONE.
1321 316 1381 379 l‘il

349 459 461 558 tinae?
476 479 566 607 imi
591 461 668 526 dum
689 481 769 526 nam
795 482 936 544 namque
968 465 1047 545 quio
1082 466 1235 546 quonium
1268 467 1381 531 etenim

349 564 475 609 enrme
514 564 550 607 ce
566 565 631 608 era.

434 626 620 691 Mirandum
653 631 777 708 autem,
811 628 911 692 immo
944 630 1125 694 dedendum
1160 635 1212 696 est
1244 635 1379 716 totoque

348 710 527 794 lugendum
555 710 687 792 affectu,
716 712 801 794 quod
834 732 907 776 cum
928 717 1053 777 ceterae
1075 715 1234 780 orationis
1256 721 1378 798 partes,

347 799 415 858 tum
450 795 591 858 maxime
623 795 869 860 coniunctiones
902 797 1058 861 confusae
1091 802 1124 861 et
1152 798 1418 864 circumiectaer

348 877 429 960 sint,
453 879 489 940 in
510 880 641 942 tantam
663 879 742 961 <ut>
765 881 851 942 inter
874 881 1017 944 causales
1042 884 1074 944 et
1095 882 1273 946 rationales
1289 881 1381 947 nulla

347 983 431 1046 pene
460 961 618 1026 distantia
645 962 695 1027 sit.
739 961 899 1028 Donato
927 985 998 1028 meo
1027 985 1176 1048 parcam,
1208 966 1264 1050 qui
1295 965 1381 1030 hanc

349 1047 505 1110 orationis
534 1050 660 1142 partem
689 1047 827 1111 maxime
857 1048 1046 1126 confundit,
1078 1050 1164 1132 quod
1186 1050 1290 1114 frater
1313 1050 1381 1113 eius

348 1128 434 1192 Don
468 1131 647 1193 recussime
675 1129 900 1213 reprehendit,
936 1133 992 1214 qui
1021 1133 1202 1195 rectissime
1231 1134 1379 1197 iterauit:

348 1216 425 1275 sunt
457 1213 702 1276 coniunctiones
735 1213 919 1290 iteratiuae,
959 1235 1041 1297 quae
1076 1215 1214 1279 eundem
1248 1236 1380 1280 sensum
1394 1233 1420 1270 1⁰

348 1296 547 1378 eandemque
575 1297 769 1361 sententiam
792 1298 927 1380 iterant3
961 1303 1163 1380 quaesunt:
1194 1301 1270 1364 item
1291 1301 1380 1364 item-

347 1398 407 1461 que
433 1380 544 1444 itidem
565 1380 746 1445 idemtidem
768 1383 954 1445 tantundem
975 1401 1107 1446 rursum
1129 1384 1233 1447 dmmo
1254 1385 1380 1447 iterum.

347 1466 425 1526 sunt
446 1467 557 1526 tamen
580 1463 666 1545 apud
692 1463 801 1527 Affros
829 1465 1015 1545 scriptores,
1045 1467 1100 1547 qui
1123 1463 1204 1529 haec
1226 1466 1380 1530 aduerbia

347 1547 456 1629 potius
479 1545 654 1610 adfirmant
677 1567 747 1610 esse
769 1547 917 1611 iterandi.

434 1629 587 1695 Causales
602 1635 711 1696 autem
726 1632 972 1695 coniunctiones
988 1635 1066 1695 sunt
1104 1652 1164 1695 uae
1179 1633 1378 1696 retractandi
1393 1645 1417 1685 1⁵

347 1717 380 1778 et
401 1713 640 1796 quodammodo
664 1715 850 1779 destruendi
872 1716 1069 1778 sententiam
1116 1716 1217 1778 abent
1236 1736 1379 1794 causam;

347 1817 429 1879 quae
453 1799 543 1859 sunt:
574 1798 604 1861 si
624 1799 691 1862 nisi
711 1799 885 1862 nisitamen
905 1818 1018 1862 unum
1039 1798 1189 1862 suitimne
1209 1800 1265 1862 sed
1286 1800 1381 1863 dmm

347 1899 506 1960 usquequo
522 1881 727 1961 quoadusque
741 1885 917 1961 usquedum
932 1882 1086 1962 quatinus
1100 1882 1258 1962 quamdiu
1270 1901 1380 1961 qnam-

347 1965 399 2028 uis
421 1983 621 2045 quamquem
643 1964 815 2045 quomidiet
831 1965 987 2044 siqnidem
1003 1968 1036 2027 et
1051 1967 1165 2028 cetera.
1202 1964 1380 2028 rationales

347 2051 457 2110 autem
491 2049 569 2109 sunt
604 2067 686 2142 quae
721 2067 760 2110 ex
789 2047 998 2129 praecidente
1026 2047 1191 2111 sententia
1218 2048 1379 2111 rationem
1393 2062 1419 2101 20

347 2129 513 2214 sequentis
534 2132 721 2213 requirunt3
745 2151 829 2213 quae
852 2134 943 2194 sunt:
966 2149 1038 2211 erpo
1052 2131 1122 2195 ideo
1137 2131 1256 2195 idcireo
1271 2133 1381 2211 itaque

341 2219 512 2298 propterea
539 2216 627 2296 epita
654 2215 756 2296 ipitur
778 2233 862 2279 ceros
884 2215 1088 2295 quomobrem
1105 2217 1243 2296 proinde
1260 2216 1380 2297 proice

347 2301 541 2379 quapropter
557 2298 775 2379 propterquod
797 2301 830 2361 et
845 2304 962 2361 cetera.
1000 2304 1077 2361 sunt
1098 2298 1198 2362 etiam
1222 2297 1379 2381 quaedam

348 2379 594 2445 coniunctiones
610 2379 864 2461 adsimilatiuae;
887 2379 1040 2444 dicuntur
1059 2401 1097 2444 eo
1119 2380 1207 2463 quod
1230 2402 1250 2444 a
1270 2382 1379 2444 uerbis

346 2462 569 2528 similitudinis
584 2463 800 2547 respondent,
823 2465 920 2528 uteie
936 2466 985 2528 ita
1003 2464 1145 2544 perinde.
1181 2469 1259 2526 sunt
1282 2464 1379 2528 etiam
1393 2475 1418 2515 2⁵

346 2547 539 2630 participes,
578 2567 660 2630 quae
693 2549 726 2610 et
758 2546 912 2609 aduerbia
943 2550 976 2609 et
1009 2547 1257 2611 coniunctiones
1293 2567 1406 2626 com·¹

347 2630 439 2693 muni
461 2629 556 2693 modo
579 2630 746 2712 dicuntur,
769 2633 806 2693 ut
822 2631 985 2711 paulatim
999 2631 1109 2710 ntique
1124 2631 1221 2695 etium
1235 2631 1380 2711 equidem

346 2715 469 2779 interea
486 2718 665 2795 praeterea.
704 2711 839 2776 dicimus
862 2711 949 2776 enim
970 2714 1092 2778 interea
1114 2713 1380 2777 coniunctionem

347 2797 542 2861 rationalem
564 2819 624 2881 pro
647 2817 729 2878 erqo.
767 2795 905 2860 dicimus
926 2795 1023 2861 etiam
1045 2798 1168 2863 interea
1191 2796 1378 2861 aduerbium

347 2882 503 2964 temporis
530 2903 590 2964 pro
618 2886 703 2946 iuna
749 2880 884 2944 dicimus
913 2881 1011 2944 etiam
1036 2880 1102 2945 loci
1130 2880 1319 2949 aduerbium
1344 2885 1380 2944 ut
1393 2891 1418 2930 ³⁰

347 2965 413 3031 nbi.
445 2967 525 3028 tunc
547 2965 645 3027 ctiam
668 2964 739 3046 ipso
763 2963 915 3027 dictionis
938 2963 1102 3027 breuiatur
1121 2968 1268 3027 accentu.
1303 2967 1380 3026 sunt

348 3048 445 3111 etiam
470 3046 718 3111 coniunctiones
740 3045 953 3124 reuelatiuae,
977 3066 1059 3128 quae
1075 3067 1206 3110 sensum
1221 3046 1377 3126 reuelaut,

348 3135 384 3194 ut
405 3131 522 3195 scilieet
543 3131 688 3195 uidelicet
708 3131 813 3195 illicet.

416 3335 433 3382 4
446 3327 589 3383 orationes
600 3329 634 3383 N
643 3330 654 3396 ΙΙ
667 3333 683 3380 6
695 3330 727 3381 ut
739 3329 807 3383 add.
818 3328 883 3383 Mai
900 3329 904 3396 Ι
917 3334 933 3384 8
946 3332 1017 3395 quot
1028 3329 1063 3384 N
1070 3329 1081 3396 ΙΙ
1093 3335 1109 3383 9
1123 3328 1237 3396 quia'N
1246 3329 1256 3396 ll
1270 3333 1302 3382 10
1314 3344 1379 3382 con·

348 3394 540 3450 iunctionisN
548 3396 559 3464 l
575 3403 606 3452 13
616 3395 857 3452 interAfroeooni.
898 3396 1291 3466 ninampostinterspatimn
1301 3397 1380 3452 estin

348 3497 441 3552 codiee
453 3499 463 3565 ΙΙ
495 3512 550 3550 uae
564 3497 599 3552 N
607 3499 618 3564 ΙΙ
633 3501 663 3549 16
681 3496 771 3551 habet
781 3497 815 3551 N
825 3499 835 3564 ΙΙ
850 3503 880 3552 19
893 3466 1012 3550 qualibet
1027 3495 1061 3549 N
1074 3496 1085 3564 ΙΙ
1103 3502 1136 3549 ‘24
1154 3496 1366 3551 coniunctiones

347 3579 421 3630 quae
432 3514 573 3617 animm
581 3565 590 3632 Η
599 3563 962 3632 tepameszariterMui
974 3564 983 3630 l
996 3569 1029 3616 29
1039 3565 1115 3617 enim
1122 3562 1157 3617 N
1160 3564 1170 3631 li
1179 3567 1336 3618 31aecento
1373 3603 1379 3616 .
