3210 4162
551 287 587 342 ll.
606 287 873 344 FRAGMENTUM
886 288 1276 345 MONTEPESSULANUM.
1390 293 1432 357 99

394 439 557 524 positione
588 441 699 506 littera
729 443 875 506 mutatur
902 445 940 505 ut
967 443 1076 507 exulto
1105 442 1192 526 quod
1221 442 1326 507 estin
1349 465 1429 508 uoce

395 526 514 608 prolati
537 526 664 610 gaudii,
686 525 808 590 insulto
831 525 1058 592 inusitationis
1081 534 1131 591 est
1152 527 1316 592 iniuriose.
1356 549 1429 611 per-

395 609 479 674 sulto
513 631 585 673 cum
616 631 674 694 per
697 631 790 675 aures
819 611 918 675 etiam
941 611 1040 696 longe
1063 611 1260 676 adstantium
1284 612 1427 677 sonitum

392 697 565 777 penetrare
586 695 682 760 facio.
724 695 846 759 resulto
868 716 938 760 cum
962 696 1028 760 alte
1050 696 1239 780 respondeo,
1279 698 1427 761 consulto

393 780 564 862 prudentis
596 780 725 845 consilii
758 783 809 844 est
842 779 1023 864 dispositio.
1067 785 1170 844 testor
1199 780 1321 864 aliquid
1351 801 1426 846 con·
1453 804 1466 843 s

394 865 529 929 firmans
558 865 731 928 sententie.
773 868 936 928 contestor
964 885 1035 928 cum
1065 865 1204 948 quadam
1236 865 1427 930 auctoritate

394 947 570 1010 affirmans.
600 951 762 1031 protestor
776 948 949 1011 manifeste
965 954 1109 1012 cauenda
1125 948 1332 1011 denuntians.
1372 948 1427 1011 ob-

392 1033 497 1094 testor
519 1031 659 1112 aliquem
683 1031 724 1094 ad
746 1031 970 1094 testimonium
996 1051 1117 1095 uocans
1137 1032 1191 1114 qui
1207 1031 1251 1094 sit
1267 1030 1426 1114 dignitato

392 1114 444 1178 uel
475 1115 669 1178 auctoritate
698 1115 854 1179 eminens.
893 1115 1034 1178 detestor
1062 1114 1182 1197 aliquid
1211 1114 1424 1178 execrandum

392 1217 558 1279 respuens.
604 1198 674 1261 iuro
704 1198 920 1261 iuramentum
950 1219 1063 1261 uerum
1085 1218 1158 1261 cum
1185 1198 1323 1279 quadam
1345 1198 1464 1262 inrisio

391 1281 520 1344 iurandi
549 1281 794 1345 confirmatione
823 1282 1014 1345 testificans.
1052 1283 1181 1365 periuro
1210 1280 1425 1345 iuramentum

391 1363 536 1428 falsitate
550 1365 710 1447 polluens.
741 1364 855 1429 adiuro
870 1366 1028 1429 maiorem
1045 1365 1224 1448 potentiam
1240 1364 1425 1430 obsecrans.

392 1469 480 1530 pono
500 1448 691 1531 simpliciter
707 1448 830 1532 aliquid
844 1453 1000 1512 statuens.
1031 1449 1167 1532 dispono
1181 1448 1301 1531 aliquid
1318 1448 1424 1531 operis

390 1533 587 1614 inpensioris
615 1533 666 1596 uel
696 1533 823 1596 consilii
853 1533 1009 1596 facturus.
1049 1537 1099 1597 est
1126 1533 1221 1596 etiam
1253 1531 1424 1614 disponere

389 1614 528 1679 foederis
550 1616 694 1693 ineundi,
717 1637 866 1700 propono
889 1637 1134 1698 nonnumquam
1158 1616 1197 1678 ad
1219 1617 1461 1699 interrogea-15

390 1699 466 1762 dum
481 1699 633 1782 pertinet,
650 1719 779 1782 appono
794 1700 986 1763 adiectionis
1002 1703 1060 1764 est,
1093 1700 1219 1781 inpono
1234 1699 1421 1762 insinuandi

390 1786 454 1863 est,
478 1803 661 1864 superpono
683 1786 791 1846 autem
808 1783 946 1866 aliquem
964 1803 1094 1846 censum
1110 1782 1162 1846 uel
1179 1783 1333 1845 laborem.
1365 1780 1420 1846 VI.

389 1867 580 1948 cuicumque
609 1866 755 1931 indicens
782 1887 932 1949 propono
961 1866 1084 1948 aliquid
1111 1865 1297 1949 praeferens
1320 1865 1366 1929 sic
1389 1868 1422 1928 et

390 1952 563 2032 antepono.
603 1971 679 2013 nan]
700 1951 862 2033 postpono
884 1949 963 2013 alias
984 1949 1122 2013 inferius
1143 1948 1298 2013 iudicans.
1334 1969 1421 2012 oom-

387 2053 476 2115 pono
500 2031 614 2098 orandi
636 2038 693 2098 aut
715 2034 833 2116 eloquii
858 2038 915 2098 aut
936 2033 1065 2097 artificii
1089 2036 1147 2100 est.
1185 2054 1306 2116 sepono
1329 2054 1418 2178 sepa·
1435 2056 1461 2095 ao

387 2117 480 2180 randi
488 2167 498 2200 ‚
521 2138 668 2199 suppono
691 2117 813 2200 aliquid
835 2118 949 2181 subtus
972 2117 1138 2181 inducens.
1183 2117 1310 2199 depono
1333 2116 1366 2179 la
1389 2137 1420 2179 e·

387 2199 532 2263 lactandi
555 2205 605 2263 est
627 2202 680 2264 uel
701 2201 771 2265 uita
786 2199 970 2264 excedendi.
993 2199 1055 2264 EX
1070 2199 1251 2264 EGLOGA
1266 2198 1306 2264 X.
1328 2198 1420 2262 Inter

387 2303 500 2346 uerum
530 2286 562 2346 et
590 2304 667 2348 uero
696 2284 776 2347 duae
799 2286 877 2347 sunt
899 2283 1088 2347 distantiae:
1116 2305 1183 2345 una
1205 2283 1282 2366 quia
1305 2303 1419 2345 uerum

386 2367 598 2450 praepositiui
632 2367 755 2431 ordinis
790 2370 854 2447 est,
887 2386 964 2430 uero
998 2365 1212 2429 subiunctiui:
1247 2365 1311 2428 alia
1344 2366 1420 2448 quia

387 2470 498 2512 uerum
523 2450 694 2514 causaliter
715 2471 774 2534 pro
796 2454 907 2514 tamen
927 2449 1082 2530 habetur,
1106 2469 1182 2512 uero
1199 2448 1415 2532 expletionem
1431 2471 1459 2511 as

387 2553 463 2596 suae
473 2536 606 2597 tantum
623 2533 775 2599 stationis
790 2535 960 2618 accipitur.
994 2533 1183 2616 frequenter
1198 2531 1343 2596 causales
1359 2553 1418 2614 pro

387 2618 600 2681 rationalibus
627 2624 660 2683 et
682 2617 886 2702 copulatiuae
908 2637 967 2700 pro
990 2616 1173 2680 causalibus
1194 2617 1272 2699 poni
1295 2615 1419 2698 solent3

387 2701 471 2765 siout
493 2700 635 2767 Cicero
664 2710 732 2766 ‘uos
755 2702 886 2766 uicistis
915 2704 949 2764 et
971 2700 1015 2764 dii
1038 2722 1096 2765 uos
1119 2701 1294 2764 iuuerunt'.
1341 2721 1418 2783 quo—

386 2785 474 2847 niam
502 2805 562 2868 pro
591 2789 701 2849 tamen
730 2785 875 2867 ponitur.
921 2783 1005 2848 sicut
1035 2784 1203 2847 donatiuas
1236 2783 1418 2867 praetorius

386 2868 432 2932 sio
459 2868 548 2933 fatus
577 2871 627 2932 est
655 2875 864 2953 ‘quamquam
891 2889 943 2931 me
973 2869 1139 2943 accusent,
1170 2866 1324 2950 quoniam
1356 2887 1456 2950 egoso

386 2953 579 3016 auctoritate
599 2952 702 3016 fidens
718 2953 864 3015 omnium
879 2951 999 3035 probra
1014 2954 1146 3026 temno,
1166 2950 1228 3014 hoc
1244 2953 1294 3013 est
1309 2950 1419 3013 omnia
1524 3017 1527 3023 ,

385 3039 494 3099 tamen
517 3040 638 3100 temno.
683 3035 836 3120 quoniam
864 3038 891 3098 si
920 3033 984 3098 duo
1011 3035 1111 3098 uerba
1133 3034 1218 3097 circa
1240 3055 1274 3097 se
1297 3031 1418 3095 habeat

385 3119 590 3183 subiunctum
614 3120 716 3202 priori
738 3118 841 3183 faciat
860 3117 1046 3201 Sulpicio
1068 3117 1231 3182 scribente
1254 3116 1419 3179 ‘iurabant

386 3203 538 3286 quoniam
572 3203 804 3288 debellabant,
839 3203 894 3267 hic
923 3206 973 3266 est
1001 3201 1080 3266 ordo
1108 3201 1181 3265 ideo
1210 3200 1418 3264 debellabant

386 3288 538 3370 quoniam
560 3288 721 3352 iurabant.
1430 3299 1455 3343 ³⁵

455 3477 470 3524 3
489 3476 507 3539 p
526 3487 589 3524 oum
603 3472 614 3536 ll
630 3477 659 3524 17
677 3475 717 3524 ld.
