3210 4162
222 252 284 319 132
454 249 610 307 VIRGILH
627 249 794 306 Minonis
812 249 1023 307 seleuchus.

221 403 402 469 nescientes
432 403 519 486 quod
548 402 693 467 latinitas
721 405 814 467 tanta
844 403 887 468 eit
917 405 950 467 et
978 405 1047 466 tam
1075 400 1249 486 profunda,

221 492 260 552 ut
273 486 471 551 multimodis
492 489 568 571 (et)
588 486 751 551 uarifariis
773 486 931 571 explicare
953 486 1099 551 sensibus
1120 506 1251 550 neeesse

222 572 274 636 sit.
309 572 381 652 quis
405 570 492 634 enim
514 570 711 634 latinitatem
731 574 877 635 sensatus
891 574 985 654 putet
998 573 1065 634 tam
1081 573 1251 654 angustam

223 653 334 718 baberi
358 657 491 751 tamque
516 655 672 736 artatam,
695 657 733 717 ut
753 654 1005 737 unumquodque
1028 653 1162 717 uerbum
1185 674 1250 717 uuo

196 741 350 802 stantum
380 737 465 800 fario
492 758 623 820 unoque
650 757 747 801 sensu
775 741 963 802 contentum
997 757 1066 802 esse
1094 737 1252 817 uideatur,

246 821 414 885 raesertim
429 841 502 885 eum
513 820 685 887 latinitatis
696 821 798 903 ipsius
809 841 931 906 genera
939 820 1106 886 duodecim
1117 840 1252 884 numero

222 844 421 981 lassantur,
444 907 478 968 et
498 904 754 987 unumquodque
775 926 879 989 genus
901 906 1019 969 multas
1041 905 1076 968 in
1092 925 1161 969 sese
1177 925 1250 968 eon·

222 988 383 1070 plectatur
407 990 502 1051 artes.

309 1069 543 1154 Unusquisque
566 1068 669 1152 igitur
686 1070 865 1154 legentium
881 1091 1023 1154 sanoque
1039 1071 1253 1134 scrutantium

184 1183 210 1222 io
224 1174 321 1218 sensu
350 1153 392 1238 (si
419 1159 531 1218 tamen
561 1153 674 1216 liuoria
703 1154 795 1217 nullo
817 1157 990 1238 torquetur
1012 1154 1141 1236 morb03
1170 1153 1253 1217 nihil

224 1238 311 1301 enim
340 1236 446 1300 liuens
475 1258 591 1300 sanum
619 1237 740 1300 sentire
767 1241 889 1319 potest,
919 1237 974 1320 qui
1002 1236 1077 1300 dum
1105 1237 1176 1300 aliis
1205 1237 1253 1300 iii-

222 1320 349 1403 uideat,
384 1324 488 1387 semet
520 1321 628 1403 ipsum
658 1324 769 1402 aperto
799 1321 929 1402 quidem
957 1321 1104 1384 ueritatis
1131 1319 1254 1384 lumine

222 1403 368 1491 fraudat)
404 1405 511 1469 omnis
542 1405 673 1486 inquam
707 1403 810 1468 lector
843 1404 955 1468 subtili
984 1404 1115 1468 studens
1145 1403 1254 1468 animo

224 1487 426 1552 multimodis
454 1488 549 1552 latini
580 1488 736 1551 sermonis
770 1488 840 1551 uias
874 1489 1036 1552 intentare
1073 1487 1256 1552 consideret

187 1597 212 1639 is
225 1571 374 1653 inprimis
396 1571 498 1653 ipsius
521 1570 677 1634 orationis
698 1571 766 1633 uim
789 1575 886 1654 atque
908 1576 1074 1647 naturam,
1099 1571 1129 1634 si
1144 1576 1254 1634 tamen

224 1674 284 1736 pro
319 1655 498 1718 subtilitate
526 1657 623 1738 atque
650 1652 878 1718 habundantia
905 1654 1101 1718 considerari
1130 1675 1149 1717 a
1178 1675 1254 1736 quo-

225 1758 320 1820 quam
343 1742 429 1802 reete
452 1743 559 1820 queat.
575 1743 579 1817 ς
593 1735 708 1800 deinde
730 1736 849 1802 multas
872 1759 940 1801 esse
962 1738 1043 1801 sicat
1063 1757 1190 1819 causas,
1213 1739 1254 1802 ob

226 1841 306 1902 quae
330 1821 534 1904 singulorum
557 1821 729 1884 inmutatio
752 1821 926 1885 uerborum
943 1821 1012 1884 fieri
1028 1820 1143 1884 soleat:
1166 1842 1255 1885 nunc

225 1904 312 1967 enim
340 1903 605 1985 necessitatibus,
638 1924 726 1974 nunc
756 1904 1005 1968 discretionibus
1032 1925 1253 1986 personarum,

185 2018 212 2057 20
225 2008 312 2051 nunc
334 1991 510 2052 metrorum
525 1987 819 2070 conpositionibus,
842 2009 930 2051 nunc
946 1988 1187 2070 eloquutionum
1204 2010 1254 2052 or-

225 2070 354 2134 natibus
384 2072 488 2135 omnis
517 2071 621 2134 oratio
643 2071 765 2134 seruiat
785 2092 916 2135 necesse
938 2074 997 2135 est.
1035 2072 1061 2135 si
1084 2072 1155 2154 quis
1177 2093 1255 2156 ergo

226 2152 306 2215 haec
328 2174 345 2215 e
368 2153 473 2234 medio
495 2154 610 2216 tollere
631 2154 774 2234 potuerit
780 2200 789 2234 ,
813 2155 898 2236 quod
915 2158 1023 2217 tamen
1038 2154 1107 2217 fieri
1123 2155 1256 2218 omuino

225 2255 292 2298 non
320 2239 444 2318 potest,
474 2235 527 2299 hic
556 2233 678 2300 ualebit
704 2236 740 2299 in
768 2237 858 2300 omni
879 2237 1039 2300 latinitate
1061 2257 1159 2300 unam
1182 2259 1255 2301 ean-

228 2319 365 2401 demque
399 2319 502 2402 uiam‚
535 2319 800 2383 consuetudinem
834 2341 873 2384 ac
906 2321 1101 2384 sententiam
1130 2341 1256 2403 semper

188 2434 214 2474 25
228 2404 372 2465 astruere
401 2402 603 2466 seruandam.
639 2402 724 2465 sieut
752 2403 838 2466 enim
866 2403 920 2466 uia
948 2403 1076 2486 quidem
1104 2404 1194 2485 regia
1223 2407 1257 2467 et

227 2483 359 2568 publica
381 2507 447 2549 una
470 2488 538 2566 est,
563 2505 646 2568 quae
668 2484 708 2549 ad
723 2486 1006 2569 metropolitanam
1022 2486 1117 2549 ducat
1131 2489 1254 2568 urbem,

227 2568 345 2631 multas
367 2573 477 2633 tamen
500 2590 539 2631 ex
563 2590 597 2632 se
621 2568 832 2651 procedentes
855 2569 955 2633 habet
969 2569 1151 2650 semitulas,
1174 2593 1256 2654 quae

228 2651 357 2734 quidem
385 2653 476 2735 ipsae
505 2651 546 2714 ad
573 2653 708 2715 eandem
735 2653 932 2735 perueniunt
952 2655 1063 2717 urbem
1087 2653 1176 2738 (nam
1201 2656 1255 2738 qui

229 2736 293 2797 duo
316 2735 462 2816 quolibet
481 2756 584 2798 unum
599 2735 662 2798 iter
676 2736 815 2819 ingressi
837 2735 974 2817 fuerint,
998 2741 1031 2799 et
1045 2757 1127 2799 unus
1144 2759 1255 2801 eorum

189 2850 215 2890 00
230 2837 288 2899 per
310 2817 411 2880 latam
434 2820 467 2880 et
487 2817 650 2901 publicam
674 2820 760 2881 uiam
806 2839 916 2902 engere
932 2819 1151 2900 distinauerit‚
1175 2820 1257 2884 alter

228 2921 305 2962 uero
330 2901 514 2965 semitulam
538 2901 630 2984 quasi
653 2841 954 2985 conpendioeiorem
976 2902 1067 2999 gradi
1083 2903 1254 2982 malluerit,

227 2982 439 3048 nihilominus
453 2988 566 3048 tamen
580 2985 615 3047 iii
631 2984 741 3048 eadem
758 2986 836 3049 urbe
852 2989 1077 3069 conueniunt),
1094 2987 1141 3050 ita
1157 2988 1254 3051 etiam

296 3204 312 3250 2
329 3199 427 3280 inultis
444 3199 536 3255 modia
553 3199 696 3254 sanisiaris
712 3199 746 3255 N
760 3201 770 3270 ΙΙ
787 3206 803 3254 4
820 3203 950 3323 lamqupqei
970 3218 1112 3280 quamque
1130 3201 1163 3280 N
1177 3204 1255 3282 {luno

240 3279 256 3318 0
274 3281 309 3320 aa
326 3271 355 3331 u)
378 3266 413 3320 N
426 3269 436 3336 11
457 3274 488 3321 13
507 3283 605 3322 omnes
623 3266 657 3321 N
671 3267 681 3334 ss
699 3272 731 3320 16
750 3283 893 3403 quoquam
960 3271 970 3336 l
991 3276 1020 3323 19
1039 3269 1256 3324 discretionibus

240 3348 301 3386 raa
313 3338 339 3394 ο)
358 3331 393 3386 N
401 3333 412 3401 ΙΙ
425 3341 458 3388 ⁸20
476 3333 702 3402 eupositionibua
719 3333 753 3388 N
768 3336 773 3402 Ι
786 3341 814 3388 ri
837 3338 933 3390 servat
944 3336 988 3402 N,
1007 3337 1112 3390 serviat
1123 3337 1187 3390 Mai
1199 3337 1210 3405 ΙΙ
1224 3343 1255 3391 2⁷

228 3431 386 3553 qqmliquiellqs
399 3432 434 3554 N
442 3435 452 3501 l
465 3439 499 3487 28
511 3433 576 3501 ipsa
589 3431 624 3486 N
632 3433 642 3500 11
656 3437 688 3487 28
703 3433 752 3500 qui
763 3433 803 3500 N,
816 3434 839 3488 si
849 3435 914 3489 Mai
926 3437 937 3504 l
950 3442 980 3490 31
995 3405 1185 3504 conpendiire
1199 3436 1234 3491 N
1242 3436 1255 3506 ll
