3210 4162
587 279 661 339 XIV.
688 278 737 333 DE
756 277 1156 335 COGNOMINATIONIBUS
1176 281 1229 334 etc.
1379 280 1420 344 83

388 431 549 515 largibor,
564 431 628 495 alia
642 429 916 514 superadditurue.
951 429 1055 494 celum
1072 431 1113 494 ob
1130 430 1193 494 hoc
1209 429 1272 495 dici
1287 432 1421 513 putatur

389 517 464 598 quia
486 515 643 600 quaedam
666 514 754 578 intra
776 535 811 578 se
834 513 970 597 grandia
990 513 1074 578 celat
1095 513 1238 577 archana
1260 518 1293 578 et
1312 514 1420 598 ipsum

387 619 496 663 aerum
519 599 635 682 spatiis
656 598 857 682 nubiumque
872 597 1047 662 obstaculis
1062 597 1103 661 ab
1118 597 1270 662 humanis
1287 597 1420 674 celatur,

387 683 576 747 abditudine
606 704 664 747 sua
686 683 866 747 rectissime
888 702 1009 746 nomen
1030 682 1157 765 accipit.
1188 681 1291 746 altum
1315 681 1421 746 celum

387 768 542 850 diximus3
573 768 629 832 sed
658 767 796 832 altitudo
825 770 857 830 et
888 766 1143 849 profunditatem
1174 787 1420 849 nonnumquam
1446 789 1459 830 a

388 851 565 935 significat:
588 851 727 996 denicpue
750 853 818 915 siue
841 871 930 914 mare
945 850 1013 914 siue
1030 850 1185 934 quidquid
1200 851 1287 914 infra
1301 855 1421 914 terram

387 943 437 998 est
465 934 623 1017 positum,
654 939 755 998 atum
785 935 1021 998 nominandum
1047 937 1106 1001 est.
1151 933 1236 998 sicut
1262 939 1296 998 et
1321 954 1421 997 senex

386 1017 567 1082 Donatus
590 1019 712 1083 obseuo
734 1037 793 1082 uos
814 1018 908 1082 oniti
922 1018 1110 1099 quicumque
1124 1018 1211 1099 estis,
1234 1019 1364 1082 emittite
1377 1018 1423 1081 ad

386 1121 435 1166 me
456 1102 551 1166 solem
572 1103 609 1165 iu
630 1104 718 1166 terra
740 1103 842 1166 lucere
856 1101 940 1164 diem
950 1102 1101 1182 protinus
1115 1101 1301 1166 adcturuui.
1334 1104 1421 1164 terra

387 1184 429 1248 ob
452 1184 515 1248 hcc
537 1184 655 1248 dicitur
671 1184 748 1267 quia
762 1184 932 1248 hominum
948 1185 1085 1266 pedihus
1099 1185 1225 1248 teritur.
1255 1184 1310 1247 sed
1326 1183 1421 1247 aliter
1434 1201 1459 1240 ro

387 1268 489 1350 igitur
514 1289 556 1334 ru
585 1268 720 1350 dicitur,
749 1267 854 1352 primo
884 1267 968 1350 quod
998 1289 1037 1330 ex
1068 1289 1106 1331 ea
1127 1268 1307 1346 nascimur,
1336 1268 1421 1330 unde

388 1357 421 1416 et
436 1373 475 1415 ex
490 1352 590 1416 humo
605 1352 696 1417 homo
718 1350 839 1416 dicitur
860 1352 1037 1415 secundum
1059 1351 1146 1435 quod
1169 1352 1237 1415 eius
1261 1351 1420 1416 fructibus

387 1435 503 1499 alimur
515 1457 553 1500 ac
564 1455 756 1500 recreamur.
780 1434 877 1499 tertio
894 1433 978 1518 quod
993 1436 1029 1498 in
1040 1456 1110 1499 eam
1124 1435 1211 1500 loeto
1223 1435 1320 1499 soluti
1332 1435 1423 1499 uelut

386 1520 421 1582 in
454 1520 568 1583 matris
599 1518 730 1582 uuluam
758 1519 972 1584 recondimur.
1018 1539 1108 1583 usare
1135 1520 1177 1582 ab
1205 1518 1420 1582 amaritudine

386 1603 515 1681 dicitur,
537 1603 577 1666 ab
600 1601 739 1666 Hebreis
761 1623 919 1685 aquarum
935 1600 1098 1666 collectus.
1131 1602 1178 1666 sol
1196 1601 1323 1683 dicitur,
1346 1602 1422 1684 quia
1436 1628 1460 1668 is

457 1840 479 1888 1.
503 1833 619 1911 Fruqm.
642 1833 718 1888 Med.
743 1834 790 1902 (es.
810 1834 942 1902 append.)
973 1833 1091 1888 Caelum
1114 1834 1219 1889 dicitur
1242 1834 1311 1912 quia
1333 1849 1420 1900 quae·

386 1900 453 1954 dam
471 1901 592 1970 grandm
611 1901 736 1956 erchana
754 1901 856 1955 caelat.
883 1900 1116 1970 philosophorum
1133 1901 1298 1970 peritissimi
1315 1902 1429 1954 vocant·

386 1967 474 2022 altum
507 1967 618 2022 caelum
651 1970 684 2022 ut
710 1968 833 2022 diximus
860 1968 911 2021 sed
938 1967 1119 2021 altitudinem
1148 1971 1178 2024 et
1203 1999 1236 2008 -
1262 1984 1421 2036 numquam

385 2034 548 2104 significant
571 2034 694 2102 denique
718 2051 797 2089 mare
818 2066 852 2076 -
873 2037 1039 2089 nominatur
1059 2036 1133 2089 sieut
1154 2051 1241 2090 senex
1263 2035 1357 2089 donon
1376 2036 1421 2087 in-

384 2116 482 2154 menso
504 2101 602 2154 dolore
625 2104 776 2169 superatus
794 2101 925 2170 corporei
941 2102 1010 2156 mali
1026 2103 1139 2156 noctem
1157 2103 1236 2157 velut
1251 2102 1420 2171 longissima

385 2167 534 2221 fastidium
557 2168 700 2221 sustinens
722 2184 756 2222 ac
779 2167 863 2222 solito
887 2167 1085 2236 lanquentium
1110 2184 1188 2222 more
1207 2168 1283 2222 diem
1302 2168 1418 2222 evenire

318 2244 320 2247 ’
386 2234 552 2287 desiderans
575 2235 724 2302 tamquam
748 2234 772 2288 si
795 2235 905 2302 aliquid
927 2235 1038 2302 requici
1055 2236 1169 2304 corpori
1187 2237 1263 2289 foret
1280 2235 1419 2288 allaturus

385 2299 438 2354 tali
476 2300 646 2354 raecabatur
664 2302 764 2356 modo:
788 2302 905 2356 obsecro
923 2331 957 2341 -
976 2301 1052 2355 intra
1063 2304 1099 2370 (l)
1123 2303 1219 2356 lucere
1237 2333 1271 2342 -
1288 2302 1367 2356 terra
1384 2315 1418 2355 9ο

386 2383 442 2435 quo
485 2366 607 2435 pedibus
631 2368 742 2423 teritur.
773 2369 824 2422 sed
847 2369 931 2422 aliter
953 2368 1118 2437 separatur,
1141 2370 1210 2436 quia
1228 2386 1261 2422 ra
1278 2368 1419 2436 portatrix

384 2439 418 2486 ut
439 2433 565 2503 genitrix
587 2435 618 2486 in
640 2434 732 2489 latino
754 2432 969 2504 philosophicae
992 2433 1068 2488 unde
1093 2451 1182 2490 naves
1225 2451 1279 2488 uae
1300 2435 1419 2513 portant

385 2517 463 2554 rarae
486 2500 628 2579 dicuntur.
663 2503 708 2556 tar
736 2503 827 2572 igitur
849 2531 882 2543 —-
905 2501 981 2555 unde
1005 2517 1039 2554 ex
1061 2532 1095 2541 -
1118 2453 1244 2557 secundo
1268 2518 1342 2578 quia¹
1357 2501 1418 2554 eius

385 2567 494 2621 fructus
517 2568 621 2621 alimur
644 2569 731 2624 tertio
755 2570 824 2637 quia
845 2570 875 2623 in
894 2585 957 2623 eam
974 2568 1053 2623 laeto
1071 2570 1157 2624 soluti
1174 2600 1209 2610 -
1226 2569 1416 2624 recondimur.

387 2643 427 2693 15.
452 2635 521 2688 ibid.
557 2635 636 2690 Mare
664 2637 700 2690 ab
728 2636 919 2690 amaritudine
943 2635 1051 2689 ‚dicitur
1078 2637 1115 2690 ab
1141 2636 1257 2691 hebreis
1279 2651 1419 2704 aquarum

386 2701 535 2766 collectus,
556 2718 573 2754 a
589 2702 768 2770 philosophie
786 2719 821 2757 ex
840 2702 950 2756 duobus
963 2702 1143 2769 componitur
1154 2703 1237 2757 velut
1247 2719 1354 2770 magna
1365 2717 1419 2766 ree,

384 2767 457 2820 nulli
474 2767 636 2821 mortalium
654 2770 732 2823 nota.
760 2769 844 2822 stella
860 2770 896 2822 de
909 2769 1057 2834 stillando,
1076 2772 1154 2824 astra
1166 2769 1201 2824 de
1215 2769 1372 2823 variaetate
1387 2797 1419 2806 -

385 2836 455 2888 situs
479 2834 514 2889 de
538 2834 594 2888 situ
618 2835 730 2890 altiore.
765 2838 883 2889 volucer
906 2851 924 2888 a
946 2834 1113 2902 velocitate,
1137 2837 1199 2890 avie
1220 2837 1256 2890 ab
1275 2836 1347 2889 aviis
1364 2834 1418 2904 hoc

386 2903 429 2955 est
447 2901 566 2954 desertis
583 2901 668 2967 locis,
690 2903 784 2956 bestia
802 2904 838 2956 de
857 2903 927 2957 besu
939 2903 993 2957 hoe
1006 2903 1050 2956 eet
1061 2902 1219 2962 ferocitate.
1256 2902 1341 2956 belua
1358 2917 1420 2954 ma·

386 2968 448 3022 rina
471 2968 588 3034 dicitur,
616 2969 666 3022 hel
689 2971 765 3023 enim
792 2985 871 3024 mare
894 2985 912 3022 a
933 2969 1110 3038 philosophis
1133 2972 1261 3024 vocatur.
1298 2983 1362 3023 earo
1385 3003 1419 3011 -

456 3176 470 3223 1
490 3170 727 3238 superadditurus
745 3172 786 3239 (u,
798 3171 879 3238 coir.)
897 3169 932 3223 N
941 3172 951 3240 ll
964 3169 1067 3236 celum]
1086 3169 1118 3222 iu
1135 3186 1198 3224 mar
1217 3211 1222 3222 .
1243 3168 1322 3224 caeli
1343 3169 1418 3222 unde

383 3237 416 3290 di
435 3237 470 3291 N
484 3238 528 3305 [14
551 3237 713 3292 obtitudine
737 3253 789 3292 sua
810 3239 844 3291 N
858 3239 868 3306 u
886 3237 989 3308 altum]
1014 3237 1047 3290 iu
1067 3253 1155 3306 marp.
1208 3236 1301 3291 titudo
1325 3236 1358 3290 N
1373 3237 1383 3304 l
1402 3242 1418 3290 8

344 3303 353 3314 ”
383 3306 484 3358 &terra
501 3305 536 3358 N
545 3306 585 3372 119
603 3306 682 3358 terra
700 3321 789 3372 quare
802 3305 879 3358 diiu
896 3321 982 3373 uturp.
1001 3304 1036 3358 N
1043 3306 1054 3372 ΙΙ
1070 3311 1100 3358 10
1118 3305 1235 3358 territur
1251 3303 1286 3357 N
1295 3305 1306 3370 ΙΙ
1318 3303 1414 3371 aliter]

382 3406 427 3457 ter
443 3404 478 3458 N
492 3406 547 3472 1111
568 3372 672 3458 aiendo
690 3405 725 3457 N
738 3407 748 3472 ΙΙ
765 3406 799 3458 iu
815 3421 903 3474 usurp.
921 3405 1006 3458 homo
1024 3420 1059 3458 ex
1076 3405 1163 3458 humo
1181 3404 1216 3458 N
1229 3402 1418 3471 111319111919

381 3471 416 3524 N
425 3474 429 3539 l
448 3488 483 3526 ea
501 3470 535 3525 N
544 3473 554 3541 ΙΙ
567 3472 662 3525 solutu
676 3472 710 3525 N
719 3473 730 3540 l
745 3477 776 3524 14
791 3488 869 3525 mare
888 3472 924 3525 cb
944 3488 968 3525 a.
980 3486 1032 3526 osu.
1045 3471 1080 3524 N
1090 3473 1100 3539 ΙΙ
1115 3477 1146 3524 15
1165 3471 1301 3525 collectus
1313 3469 1419 3523 dicitur

381 3539 415 3592 N
425 3542 429 3606 1
448 3540 501 3608 sol]
521 3540 554 3592 iu
571 3555 659 3607 usurp.
680 3539 723 3593 sol
741 3543 849 3606 quare?

1175 3623 1212 3676 6*
