3210 4162
727 316 749 370 i.
779 315 829 371 na
847 315 1054 375 SAPOENTIA.
1383 320 1405 384 5

371 465 500 551 quidem
515 465 581 530 fuit
594 468 740 549 Annene,
756 489 854 566 quem
865 467 916 533 bis
928 466 1151 533 centenarium
1163 468 1263 533 fuisse
1275 467 1404 552 ferunt3

372 551 428 615 sed
457 550 532 634 quia
554 549 607 615 hic
630 550 702 615 Beli
725 552 893 617 cuiusdam
916 552 1003 637 regis
1026 552 1226 636 temporibus
1249 552 1350 617 fuerit
1371 559 1406 618 et

372 636 471 720 longe
505 639 582 700 ante
612 635 797 721 linguarum
831 641 993 703 retroacta
1025 637 1159 702 diuissio
1188 640 1248 719 sit,
1283 658 1405 721 negare

296 731 297 735 ’
373 722 522 806 cogimur
536 721 731 786 latinitatem
755 725 871 806 utpute
894 720 1110 820 antiquiorem
1134 743 1173 786 ex
1195 722 1268 806 ipso
1283 721 1403 788 Latino

373 804 577 889 usurpauisse
593 806 801 888 uocabulum,
822 807 877 871 sed
892 810 1003 890 patius
1017 810 1055 870 ut
1072 808 1229 871 Aeneae
1245 826 1283 870 ac
1305 807 1430 870 maio-s

307 944 310 951 ,
372 889 462 953 ribus
492 889 598 952 uisum
630 892 680 954 est
714 910 754 954 ex
786 889 959 954 latitudine
987 890 1089 973 ipsius
1117 891 1249 975 linguae
1278 894 1406 955 constat

372 973 474 1036 fuisse
490 972 670 1036 diriuatam.
699 971 839 1056 denique
855 994 929 1038 cum
945 973 1098 1037 hebream
1112 994 1286 1058 grecamue
1300 978 1405 1037 trans-

304 1061 307 1066 ’
372 1057 466 1120 edere
481 1057 516 1119 iu
533 1056 669 1120 latinam
684 1057 833 1141 linguam
846 1057 1003 1139 uolueris,
1021 1057 1106 1121 hanc
1121 1058 1273 1122 omnibus
1288 1057 1404 1130 modis,

298 1165 301 1207 5
372 1139 510 1223 loquelis
532 1140 735 1204 orationibus
749 1141 947 1224 syllabisque
960 1140 1107 1204 latiorem
1124 1140 1290 1205 offendies.
1324 1140 1405 1205 haec

372 1231 481 1288 autem
502 1223 647 1286 latinitas
669 1228 804 1307 propter
825 1229 990 1288 oratorum
1005 1225 1245 1287 ornatissimum
1262 1226 1404 1307 leporem
1418 1240 1444 1279 10

295 1359 298 1365 .
373 1308 478 1371 oratio
494 1310 716 1389 nuncupatur,
733 1308 819 1371 unde
834 1310 869 1371 et
879 1310 988 1391 partes
998 1308 1153 1371 orationis
1163 1307 1405 1390 intellegendae
1494 1352 1497 1358 -

297 1391 300 1420 ³
373 1394 450 1455 sunt
478 1393 587 1473 partes
614 1390 801 1454 latinitatis.
847 1394 882 1455 at
909 1412 986 1455 uero
1009 1391 1064 1488 qui
1086 1395 1193 1474 partes
1222 1393 1406 1455 orationum

296 1543 298 1546 ,
375 1495 530 1538 caraxare
544 1474 678 1552 uolunt,
701 1474 810 1538 nescio
826 1495 890 1558 qua
904 1477 1097 1539 auctoritate
1112 1476 1317 1557 animantur,
1340 1474 1406 1538 nisi

373 1559 458 1622 forte
481 1561 518 1621 ut
540 1557 721 1640 Glengus
743 1559 912 1639 tractauit,
936 1579 1033 1642 quem
1056 1559 1253 1641 Asporius
1276 1563 1405 1622 secutus

375 1646 438 1723 est,
461 1640 626 1705 orationes
648 1663 708 1723 pro
731 1641 936 1706 sermonibus
960 1642 1445 1725 eloquentionibusqueacci-1⁵

374 1725 512 1808 piendae
534 1728 628 1804 sunt,
652 1731 734 1808 qua'e
756 1724 791 1788 in
814 1729 889 1789 octo
910 1730 1020 1809 partes
1042 1725 1123 1789 findi
1145 1725 1282 1790 soleant.

460 1807 649 1872 Latinitatis
673 1812 782 1873 autem
805 1829 927 1893 genera
948 1813 1025 1874 sunt
1038 1807 1121 1892 XII,
1146 1829 1284 1892 quorum
1305 1829 1406 1872 uuum

374 1894 530 1956 usitatum
558 1892 651 1974 fitur,
681 1912 745 1975 quo
774 1893 952 1975 scripturae
973 1892 1084 1957 Latini
1111 1913 1222 1956 omnes
1245 1895 1407 1956 atramen-

374 1979 493 2043 tantur.
536 1978 575 2038 ut
602 1979 713 2039 autem
741 1976 943 2040 duumdecim
970 1997 1126 2060 generum
1149 1977 1407 2059 experimentum

373 2096 580 2108 ..-..--—-—-—

374 2162 485 2214 ceteros
513 2158 644 2211 auctores
669 2159 748 2211 recte
773 2159 917 2213 utebatur.
948 2157 1078 2212 latinitas
1104 2158 1138 2210 ut
1164 2157 1280 2226 qnidam
1308 2157 1408 2211 dicunt

376 2225 412 2280 ab
424 2226 473 2278 illo
484 2239 587 2278 nomen
601 2223 729 2291 accepit,
746 2224 795 2278 sed
808 2223 860 2279 alii
871 2224 1069 2279 rationabilius
1081 2224 1256 2279 latinitatem
1268 2240 1304 2277 ex
1316 2224 1406 2292 ipsius

374 2292 488 2361 linguae
500 2290 653 2345 latitudine
662 2292 835 2345 vocabulum
844 2292 997 2360 sumpsisse
1006 2291 1111 2349 ferunt.
1129 2307 1194 2344 cum
1205 2291 1279 2345 enim
1290 2290 1408 2344 ebream

375 2372 527 2429 grecamve
554 2358 585 2409 in
606 2358 728 2412 latinam
750 2357 791 2411 lin
813 2373 879 2412 uam
902 2357 1056 2413 transferre
1080 2358 1203 2411 volueris
1220 2387 1253 2396 —
1271 2356 1407 2411 invenies.

374 2441 427 2503 neq
449 2425 543 2502 minus
567 2424 596 2476 et
617 2424 672 2500 hoc
694 2375 878 2500 intuenlum,
902 2425 979 2493 quod
1000 2424 1071 2503 haec
1094 2424 1219 2478 latinitas
1236 2427 1356 2544 proqter
1374 2453 1407 2462 -

374 2493 534 2547 latinitatis.
577 2491 720 2544 orationes
750 2506 826 2544 emm
857 2505 910 2558 pro
937 2490 1114 2546 sermonibus
1142 2490 1295 2545 elocutioni
1317 2504 1407 2557 usque

374 2573 543 2660 ricipiendae
561 2619 595 2630 -
613 2590 714 2645 solent.
884 2642 890 2653 ,

300 2660 303 2679 ⁷
443 2667 468 2717 9.
486 2657 558 2712 Ecce.
575 2657 664 2713 Besa.
683 2658 732 2724 (cf.
749 2658 864 2724 Hcpcns'
879 2657 985 2712 Aaccd.
1009 2658 1089 2712 Helo.
1106 2672 1136 2725 p.
1158 2661 1221 2723 190.
1241 2660 1302 2722 16):
1329 2655 1408 2709 Haeo

374 2727 471 2780 autem
489 2755 522 2764 -
542 2723 725 2789 eloquentiae
746 2725 874 2794 leporem
892 2754 926 2764 -
943 2724 1020 2778 unde
1036 2726 1133 2793 partes
1153 2755 1188 2763 -
1209 2726 1275 2776 sunt
1299 2723 1333 2775 de
1357 2739 1408 2798 nu-

374 2808 453 2846 mero
476 2792 574 2859 partes
594 2791 766 2846 Latinitatis.
803 2791 946 2845 orationes
968 2806 1021 2860 pro
1044 2791 1220 2844 sermonibus
1241 2789 1408 2843 elocutioni-

374 2859 501 2927 busquae
519 2887 552 2897 -
570 2857 691 2918 soleant.

306 3029 308 3038 ’
404 3091 430 3145 ἃ,
445 3033 459 3103 ¹.
472 3024 668 3144 quilqamfiqligj
680 3025 690 3092 l
704 3023 906 3144 centinariunlrV
903 3024 944 3088 P,
962 3023 1157 3143 otenffiallpum
1169 3022 1202 3076 N
1212 3024 1222 3091 l
1235 3028 1250 3074 2
1269 3020 1340 3075 belli
1351 3019 1386 3139 {g
1393 3021 1397 3120 l

304 3130 306 3134 Α
375 3098 521 3214 3otllilsffllll
529 3159 539 3222 l
552 3092 650 3212 clerica
664 3096 699 3211 ll
705 3098 722 3225 l
731 3093 972 3213 tolalteiunitatuilinue
980 3107 1025 3221 llll,
1043 3090 1235 3211 latitulllibngllru
1271 3103 1332 3223 {llll
1342 3124 1409 3207 hae·

374 3177 474 3281 bream
486 3225 550 3279 ΡΝ
558 3225 568 3292 ΙΙ
581 3159 766 3279 transaerlera
778 3225 816 3293 P,
829 3224 1009 3278 transsedere
1021 3223 1059 3290 N,
1074 3224 1227 3277 transferre
1239 3222 1304 3275 Mal
1316 3223 1320 3289 l
1340 3227 1355 3274 9
1368 3221 1409 3274 lo-

375 3293 467 3364 quelis
480 3293 508 3347 P
520 3294 530 3360 11
543 3292 682 3346 ossendies
699 3292 728 3345 P
744 3293 755 3359 ΙΙ
776 3297 806 3344 10
825 3291 1066 3344 ordinatissimum
1084 3290 1113 3343 P
1129 3289 1280 3367 illaborem
1345 3289 1356 3355 ΙΙ
1376 3294 1406 3340 11

375 3361 520 3415 orationes
539 3359 573 3411 N
581 3361 592 3426 ΙΙ
606 3365 637 3411 12
655 3359 746 3427 partis
763 3358 798 3412 N
806 3358 817 3425 ΙΙ
832 3365 863 3412 13
881 3372 1014 3411 cracxare
1026 3357 1054 3411 P
1066 3359 1077 3425 ΙΙ
1089 3374 1139 3424 qui
1157 3357 1338 3410 actoritatem
1351 3355 1379 3407 P
1393 3356 1406 3422 ll

376 3450 408 3497 14
426 3429 539 3512 asperif
551 3442 579 3494 P
596 3442 606 3510 ll
622 3442 750 3495 securtus
767 3440 801 3496 N
815 3442 825 3508 ΙΙ
844 3446 875 3495 15
894 3440 1047 3518 crationes]
1064 3453 1116 3495 orn.
1135 3438 1169 3492 N
1177 3439 1187 3514 ll
1200 3436 1408 3518 eloquentioni-

374 3511 427 3633 Egisti
448 3526 489 3644 ueu
500 3509 565 3632 {tili
565 3499 701 3632 ‘qqqffill
706 3513 757 3642 11611
766 3507 880 3628 qqrqqngv
876 3506 911 3561 N
919 3508 930 3575 [Ι
944 3513 976 3562 18
993 3508 1065 3560 artur
1082 3505 1126 3574 N,
1145 3510 1232 3560 scitur
1248 3505 1314 3559 Mac
1326 3506 1336 3573 ll
1350 3519 1408 3557 cm·
