<?xml version="1.0" encoding="UTF-8"?>
<!DOCTYPE html PUBLIC "-//W3C//DTD XHTML 1.0 Transitional//EN"
    "http://www.w3.org/TR/xhtml1/DTD/xhtml1-transitional.dtd">
<html xmlns="http://www.w3.org/1999/xhtml" xml:lang="en" lang="en">
 <head>
  <title>
</title>
<meta http-equiv="Content-Type" content="text/html;charset=utf-8" />
  <meta name='ocr-system' content='tesseract 3.04.00' />
  <meta name='ocr-capabilities' content='ocr_page ocr_carea ocr_par ocr_line ocrx_word'/>
</head>
<body>
  <div class='ocr_page' id='page_1' title='image "./opera02virggoog_0038.png"; bbox 0 0 3210 4162; ppageno 0'>
   <div class='ocr_carea' id='block_1_1' title="bbox 719 302 1380 371">
    <p class='ocr_par' dir='ltr' id='par_1_1' title="bbox 719 302 1380 371">
     <span class='ocr_line' id='line_1_1' title="bbox 719 302 1380 371; baseline -0.002 -14"><span class='ocrx_word' id='word_1_1' title='bbox 719 303 767 363; x_wconf 85' lang='lat' dir='ltr'>1v.</span> <span class='ocrx_word' id='word_1_2' title='bbox 795 303 844 359; x_wconf 87' lang='lat' dir='ltr'>nn</span> <span class='ocrx_word' id='word_1_3' title='bbox 862 302 1010 364; x_wconf 75' lang='lat' dir='ltr'>aurare.</span> <span class='ocrx_word' id='word_1_4' title='bbox 1339 307 1380 371; x_wconf 81' lang='lat'>13</span> 
     </span>
    </p>
   </div>
   <div class='ocr_carea' id='block_1_2' title="bbox 308 456 1419 1612">
    <p class='ocr_par' dir='ltr' id='par_1_2' title="bbox 349 456 1379 540">
     <span class='ocr_line' id='line_1_2' title="bbox 349 456 1379 540; baseline 0.001 -18"><span class='ocrx_word' id='word_1_5' title='bbox 349 457 461 522; x_wconf 90' lang='lat' dir='ltr'>omnia</span> <span class='ocrx_word' id='word_1_6' title='bbox 482 456 671 540; x_wconf 81' lang='lat' dir='ltr'>respiciunt,</span> <span class='ocrx_word' id='word_1_7' title='bbox 692 459 917 522; x_wconf 89' lang='lat' dir='ltr'>uerumtamen</span> <span class='ocrx_word' id='word_1_8' title='bbox 938 479 1040 522; x_wconf 91' lang='lat' dir='ltr'>unum</span> <span class='ocrx_word' id='word_1_9' title='bbox 1061 478 1158 522; x_wconf 85' lang='lat' dir='ltr'>nosse</span> <span class='ocrx_word' id='word_1_10' title='bbox 1170 456 1267 523; x_wconf 89' lang='lat' dir='ltr'>debet</span> <span class='ocrx_word' id='word_1_11' title='bbox 1280 478 1379 523; x_wconf 82' lang='lat' dir='ltr'>unus·</span> 
     </span>
    </p>

    <p class='ocr_par' dir='ltr' id='par_1_3' title="bbox 308 541 1379 626">
     <span class='ocr_line' id='line_1_3' title="bbox 308 541 1379 626; baseline 0.001 -20"><span class='ocrx_word' id='word_1_12' title='bbox 308 567 311 599; x_wconf 72' lang='grc' dir='ltr'><em>τ</em></span> <span class='ocrx_word' id='word_1_13' title='bbox 349 542 483 626; x_wconf 85' lang='lat' dir='ltr'>quisque</span> <span class='ocrx_word' id='word_1_14' title='bbox 513 544 736 623; x_wconf 73' lang='lat' dir='ltr'><strong>cantatorum,</strong></span> <span class='ocrx_word' id='word_1_15' title='bbox 765 541 853 625; x_wconf 90' lang='lat' dir='ltr'>quod</span> <span class='ocrx_word' id='word_1_16' title='bbox 881 546 987 606; x_wconf 87' lang='lat' dir='ltr'>metra</span> <span class='ocrx_word' id='word_1_17' title='bbox 1015 542 1050 607; x_wconf 91' lang='lat' dir='ltr'>in</span> <span class='ocrx_word' id='word_1_18' title='bbox 1079 563 1280 626; x_wconf 89' lang='lat' dir='ltr'>quacumque</span> <span class='ocrx_word' id='word_1_19' title='bbox 1302 564 1379 626; x_wconf 89' lang='lat' dir='ltr'>pen·</span> 
     </span>
    </p>

    <p class='ocr_par' dir='ltr' id='par_1_4' title="bbox 317 619 1419 1612">
     <span class='ocr_line' id='line_1_4' title="bbox 317 619 1379 710; baseline 0 -21"><span class='ocrx_word' id='word_1_20' title='bbox 317 619 323 655; x_wconf 72' lang='lat'>¹</span> <span class='ocrx_word' id='word_1_21' title='bbox 348 629 458 689; x_wconf 79' lang='lat' dir='ltr'>satura</span> <span class='ocrx_word' id='word_1_22' title='bbox 479 624 560 688; x_wconf 90' lang='lat' dir='ltr'>fona</span> <span class='ocrx_word' id='word_1_23' title='bbox 574 625 650 689; x_wconf 83' lang='lat' dir='ltr'>sint.</span> <span class='ocrx_word' id='word_1_24' title='bbox 686 628 824 689; x_wconf 89' lang='lat' dir='ltr'>metrum</span> <span class='ocrx_word' id='word_1_25' title='bbox 839 646 880 689; x_wconf 86' lang='lat' dir='ltr'>ex</span> <span class='ocrx_word' id='word_1_26' title='bbox 894 630 981 689; x_wconf 85' lang='lat' dir='ltr'>meta</span> <span class='ocrx_word' id='word_1_27' title='bbox 995 646 1114 690; x_wconf 88' lang='lat' dir='ltr'>nomen</span> <span class='ocrx_word' id='word_1_28' title='bbox 1129 628 1265 710; x_wconf 86' lang='lat' dir='ltr'>accepit,</span> <span class='ocrx_word' id='word_1_29' title='bbox 1287 627 1379 690; x_wconf 84' lang='lat' dir='ltr'>cuius</span> 
     </span>
     <span class='ocr_line' id='line_1_5' title="bbox 347 709 1378 794; baseline -0.001 -20"><span class='ocrx_word' id='word_1_30' title='bbox 347 709 446 794; x_wconf 83' lang='lat' dir='ltr'>pedes</span> <span class='ocrx_word' id='word_1_31' title='bbox 480 712 557 774; x_wconf 85' lang='lat' dir='ltr'>sunt</span> <span class='ocrx_word' id='word_1_32' title='bbox 589 709 666 775; x_wconf 89' lang='lat' dir='ltr'>dicti</span> <span class='ocrx_word' id='word_1_33' title='bbox 699 710 789 775; x_wconf 88' lang='lat' dir='ltr'>uelut</span> <span class='ocrx_word' id='word_1_34' title='bbox 817 709 975 793; x_wconf 81' lang='lat' dir='ltr'>quaedam</span> <span class='ocrx_word' id='word_1_35' title='bbox 1005 709 1193 775; x_wconf 82' lang='lat' dir='ltr'>medietates</span> <span class='ocrx_word' id='word_1_36' title='bbox 1219 711 1378 789; x_wconf 81' lang='lat' dir='ltr'>sonorum,</span> 
     </span>
     <span class='ocr_line' id='line_1_6' title="bbox 349 793 1419 878; baseline 0.001 -21"><span class='ocrx_word' id='word_1_37' title='bbox 349 816 431 876; x_wconf 88' lang='lat' dir='ltr'>quae</span> <span class='ocrx_word' id='word_1_38' title='bbox 461 793 614 878; x_wconf 86' lang='lat' dir='ltr'>quoniam</span> <span class='ocrx_word' id='word_1_39' title='bbox 642 794 835 857; x_wconf 75' lang='lat' dir='ltr'>necessitate</span> <span class='ocrx_word' id='word_1_40' title='bbox 865 794 1018 857; x_wconf 87' lang='lat' dir='ltr'>cantandi</span> <span class='ocrx_word' id='word_1_41' title='bbox 1047 795 1193 878; x_wconf 88' lang='lat' dir='ltr'>apaetis</span> <span class='ocrx_word' id='word_1_42' title='bbox 1216 794 1380 877; x_wconf 87' lang='lat' dir='ltr'>disparata</span> <span class='ocrx_word' id='word_1_43' title='bbox 1405 819 1419 859; x_wconf 76' lang='lat' dir='ltr'>c</span> 
     </span>
     <span class='ocr_line' id='line_1_7' title="bbox 348 876 1379 961; baseline -0.002 -19"><span class='ocrx_word' id='word_1_44' title='bbox 348 881 426 942; x_wconf 86' lang='lat' dir='ltr'>sunt</span> <span class='ocrx_word' id='word_1_45' title='bbox 447 878 482 941; x_wconf 92' lang='lat' dir='ltr'>in</span> <span class='ocrx_word' id='word_1_46' title='bbox 505 880 644 958; x_wconf 84' lang='lat' dir='ltr'>tantum,</span> <span class='ocrx_word' id='word_1_47' title='bbox 667 880 705 941; x_wconf 93' lang='lat' dir='ltr'>ut</span> <span class='ocrx_word' id='word_1_48' title='bbox 720 880 864 941; x_wconf 84' lang='lat' dir='ltr'>extrema</span> <span class='ocrx_word' id='word_1_49' title='bbox 879 876 948 940; x_wconf 90' lang='lat' dir='ltr'>foui</span> <span class='ocrx_word' id='word_1_50' title='bbox 963 881 1056 961; x_wconf 89' lang='lat' dir='ltr'>parte</span> <span class='ocrx_word' id='word_1_51' title='bbox 1071 877 1107 940; x_wconf 92' lang='lat' dir='ltr'>in</span> <span class='ocrx_word' id='word_1_52' title='bbox 1122 876 1261 942; x_wconf 89' lang='lat' dir='ltr'>alterum</span> <span class='ocrx_word' id='word_1_53' title='bbox 1275 881 1379 941; x_wconf 89' lang='lat' dir='ltr'>trans·</span> 
     </span>
     <span class='ocr_line' id='line_1_8' title="bbox 348 960 1379 1043; baseline -0.001 -19"><span class='ocrx_word' id='word_1_54' title='bbox 348 960 416 1025; x_wconf 88' lang='lat' dir='ltr'>lata</span> <span class='ocrx_word' id='word_1_55' title='bbox 429 962 555 1025; x_wconf 91' lang='lat' dir='ltr'>nullum</span> <span class='ocrx_word' id='word_1_56' title='bbox 569 960 685 1025; x_wconf 83' lang='lat' dir='ltr'>forrum</span> <span class='ocrx_word' id='word_1_57' title='bbox 700 960 860 1025; x_wconf 86' lang='lat' dir='ltr'>incolome</span> <span class='ocrx_word' id='word_1_58' title='bbox 871 968 1052 1043; x_wconf 81' lang='lat' dir='ltr'>remaneat,</span> <span class='ocrx_word' id='word_1_59' title='bbox 1068 961 1132 1025; x_wconf 86' lang='lat' dir='ltr'>hac</span> <span class='ocrx_word' id='word_1_60' title='bbox 1144 981 1242 1026; x_wconf 82' lang='lat' dir='ltr'>cauca</span> <span class='ocrx_word' id='word_1_61' title='bbox 1252 961 1379 1024; x_wconf 90' lang='lat' dir='ltr'>nullum</span> 
     </span>
     <span class='ocr_line' id='line_1_9' title="bbox 348 1044 1380 1128; baseline -0.001 -20"><span class='ocrx_word' id='word_1_62' title='bbox 348 1048 490 1110; x_wconf 89' lang='lat' dir='ltr'>metrum</span> <span class='ocrx_word' id='word_1_63' title='bbox 504 1044 638 1128; x_wconf 90' lang='lat' dir='ltr'>planum</span> <span class='ocrx_word' id='word_1_64' title='bbox 653 1044 794 1109; x_wconf 89' lang='lat' dir='ltr'>inueniri</span> <span class='ocrx_word' id='word_1_65' title='bbox 808 1047 926 1128; x_wconf 85' lang='lat' dir='ltr'>potest.</span> <span class='ocrx_word' id='word_1_66' title='bbox 954 1045 1072 1109; x_wconf 83' lang='lat' dir='ltr'>multas</span> <span class='ocrx_word' id='word_1_67' title='bbox 1084 1048 1191 1109; x_wconf 89' lang='lat' dir='ltr'>autem</span> <span class='ocrx_word' id='word_1_68' title='bbox 1202 1050 1380 1109; x_wconf 80' lang='lat' dir='ltr'>metrorum</span> 
     </span>
     <span class='ocr_line' id='line_1_10' title="bbox 351 1127 1378 1213; baseline 0 -21"><span class='ocrx_word' id='word_1_69' title='bbox 351 1128 532 1193; x_wconf 80' lang='lat' dir='ltr'>cantilenas</span> <span class='ocrx_word' id='word_1_70' title='bbox 560 1132 695 1212; x_wconf 85' lang='lat' dir='ltr'>propter</span> <span class='ocrx_word' id='word_1_71' title='bbox 721 1133 893 1211; x_wconf 88' lang='lat' dir='ltr'>poetarum</span> <span class='ocrx_word' id='word_1_72' title='bbox 921 1127 1154 1213; x_wconf 87' lang='lat' dir='ltr'>rhetorumque</span> <span class='ocrx_word' id='word_1_73' title='bbox 1176 1130 1378 1194; x_wconf 86' lang='lat' dir='ltr'>uoluntatem</span> 
     </span>
     <span class='ocr_line' id='line_1_11' title="bbox 349 1210 1415 1295; baseline -0.001 -19"><span class='ocrx_word' id='word_1_74' title='bbox 349 1233 461 1276; x_wconf 92' lang='lat' dir='ltr'>eorum</span> <span class='ocrx_word' id='word_1_75' title='bbox 482 1213 589 1276; x_wconf 82' lang='lat' dir='ltr'>sectae</span> <span class='ocrx_word' id='word_1_76' title='bbox 604 1212 782 1276; x_wconf 86' lang='lat' dir='ltr'>declarant.</span> <span class='ocrx_word' id='word_1_77' title='bbox 816 1210 976 1294; x_wconf 90' lang='lat' dir='ltr'>quaedam</span> <span class='ocrx_word' id='word_1_78' title='bbox 993 1213 1079 1275; x_wconf 90' lang='lat' dir='ltr'>enim</span> <span class='ocrx_word' id='word_1_79' title='bbox 1094 1233 1198 1293; x_wconf 87' lang='lat' dir='ltr'>prosa,</span> <span class='ocrx_word' id='word_1_80' title='bbox 1222 1211 1378 1295; x_wconf 83' lang='lat' dir='ltr'>quaedam</span> <span class='ocrx_word' id='word_1_81' title='bbox 1392 1235 1415 1275; x_wconf 83' lang='lat' dir='ltr'>u</span> 
     </span>
     <span class='ocr_line' id='line_1_12' title="bbox 349 1293 1378 1379; baseline 0 -21"><span class='ocrx_word' id='word_1_82' title='bbox 349 1295 475 1379; x_wconf 86' lang='lat' dir='ltr'>liniata,</span> <span class='ocrx_word' id='word_1_83' title='bbox 498 1293 657 1377; x_wconf 88' lang='lat' dir='ltr'>quaedam</span> <span class='ocrx_word' id='word_1_84' title='bbox 680 1295 777 1359; x_wconf 87' lang='lat' dir='ltr'>etiam</span> <span class='ocrx_word' id='word_1_85' title='bbox 800 1294 950 1373; x_wconf 81' lang='lat' dir='ltr'>medaria,</span> <span class='ocrx_word' id='word_1_86' title='bbox 973 1295 1133 1360; x_wconf 86' lang='lat' dir='ltr'>nonnulla</span> <span class='ocrx_word' id='word_1_87' title='bbox 1155 1315 1311 1378; x_wconf 88' lang='lat' dir='ltr'>perquam</span> <span class='ocrx_word' id='word_1_88' title='bbox 1326 1315 1378 1358; x_wconf 87' lang='lat' dir='ltr'>ex·</span> 
     </span>
     <span class='ocr_line' id='line_1_13' title="bbox 348 1379 1378 1462; baseline -0.001 -20"><span class='ocrx_word' id='word_1_89' title='bbox 348 1382 444 1442; x_wconf 84' lang='lat' dir='ltr'>tensa</span> <span class='ocrx_word' id='word_1_90' title='bbox 464 1382 645 1462; x_wconf 80' lang='lat' dir='ltr'>ponuntur3</span> <span class='ocrx_word' id='word_1_91' title='bbox 670 1399 808 1462; x_wconf 90' lang='lat' dir='ltr'>quorum</span> <span class='ocrx_word' id='word_1_92' title='bbox 830 1399 934 1461; x_wconf 88' lang='lat' dir='ltr'>pauca</span> <span class='ocrx_word' id='word_1_93' title='bbox 955 1400 1015 1462; x_wconf 91' lang='lat' dir='ltr'>pro</span> <span class='ocrx_word' id='word_1_94' title='bbox 1037 1381 1147 1443; x_wconf 84' lang='lat' dir='ltr'>uestra</span> <span class='ocrx_word' id='word_1_95' title='bbox 1168 1379 1310 1443; x_wconf 82' lang='lat' dir='ltr'>utilitate</span> <span class='ocrx_word' id='word_1_96' title='bbox 1326 1400 1378 1442; x_wconf 84' lang='lat' dir='ltr'>ex-</span> 
     </span>
     <span class='ocr_line' id='line_1_14' title="bbox 348 1461 1378 1547; baseline -0.001 -21"><span class='ocrx_word' id='word_1_97' title='bbox 348 1463 502 1545; x_wconf 78' lang='lat' dir='ltr'>poscituri</span> <span class='ocrx_word' id='word_1_98' title='bbox 537 1483 655 1529; x_wconf 83' lang='lat' dir='ltr'>sumus.</span> <span class='ocrx_word' id='word_1_99' title='bbox 703 1483 801 1545; x_wconf 88' lang='lat' dir='ltr'>prosa</span> <span class='ocrx_word' id='word_1_100' title='bbox 830 1461 961 1544; x_wconf 86' lang='lat' dir='ltr'>quidem</span> <span class='ocrx_word' id='word_1_101' title='bbox 990 1466 1067 1526; x_wconf 79' lang='lat' dir='ltr'>sunt</span> <span class='ocrx_word' id='word_1_102' title='bbox 1091 1483 1149 1547; x_wconf 91' lang='lat' dir='ltr'>per</span> <span class='ocrx_word' id='word_1_103' title='bbox 1177 1464 1378 1544; x_wconf 88' lang='lat' dir='ltr'>breuitatem,</span> 
     </span>
     <span class='ocr_line' id='line_1_15' title="bbox 351 1545 866 1612; baseline 0 -3"><span class='ocrx_word' id='word_1_104' title='bbox 351 1547 436 1610; x_wconf 82' lang='lat' dir='ltr'>sicut</span> <span class='ocrx_word' id='word_1_105' title='bbox 457 1547 490 1612; x_wconf 94' lang='lat' dir='ltr'>in</span> <span class='ocrx_word' id='word_1_106' title='bbox 516 1547 650 1610; x_wconf 86' lang='lat' dir='ltr'>Aenea</span> <span class='ocrx_word' id='word_1_107' title='bbox 671 1545 793 1610; x_wconf 87' lang='lat' dir='ltr'>lectum</span> <span class='ocrx_word' id='word_1_108' title='bbox 816 1550 866 1610; x_wconf 83' lang='lat' dir='ltr'>est</span> 
     </span>
    </p>
   </div>
   <div class='ocr_carea' id='block_1_3' title="bbox 573 1679 1417 1846">
    <p class='ocr_par' dir='ltr' id='par_1_5' title="bbox 573 1679 1417 1846">
     <span class='ocr_line' id='line_1_16' title="bbox 577 1679 1417 1762; baseline -0.004 -18"><span class='ocrx_word' id='word_1_109' title='bbox 577 1679 725 1745; x_wconf 77' lang='lat' dir='ltr'>Phoebas</span> <span class='ocrx_word' id='word_1_110' title='bbox 744 1681 859 1762; x_wconf 75' lang='lat' dir='ltr'>carpit,</span> <span class='ocrx_word' id='word_1_111' title='bbox 884 1679 1006 1745; x_wconf 84' lang='lat' dir='ltr'>caelum</span> <span class='ocrx_word' id='word_1_112' title='bbox 1027 1680 1161 1761; x_wconf 81' lang='lat' dir='ltr'>scandit,</span> <span class='ocrx_word' id='word_1_113' title='bbox 1369 1688 1371 1693; x_wconf 83' lang='lat'>&#39;</span> <span class='ocrx_word' id='word_1_114' title='bbox 1393 1711 1417 1750; x_wconf 82' lang='lat' dir='ltr'>u</span> 
     </span>
     <span class='ocr_line' id='line_1_17' title="bbox 573 1764 1041 1846; baseline -0.009 -16"><span class='ocrx_word' id='word_1_115' title='bbox 573 1765 648 1846; x_wconf 79' lang='lat' dir='ltr'>polo</span> <span class='ocrx_word' id='word_1_116' title='bbox 670 1764 776 1844; x_wconf 82' lang='lat' dir='ltr'>claret,</span> <span class='ocrx_word' id='word_1_117' title='bbox 800 1765 920 1830; x_wconf 75' lang='lat' dir='ltr'>carectis</span> <span class='ocrx_word' id='word_1_118' title='bbox 935 1768 1041 1845; x_wconf 84' lang='lat' dir='ltr'>paret.</span> 
     </span>
    </p>
   </div>
   <div class='ocr_carea' id='block_1_4' title="bbox 349 1912 1419 2646">
    <p class='ocr_par' dir='ltr' id='par_1_6' title="bbox 349 1912 1419 2646">
     <span class='ocr_line' id='line_1_18' title="bbox 350 1912 1379 1995; baseline -0.002 -18"><span class='ocrx_word' id='word_1_119' title='bbox 350 1913 398 1977; x_wconf 92' lang='lat' dir='ltr'>hii</span> <span class='ocrx_word' id='word_1_120' title='bbox 419 1913 483 1977; x_wconf 90' lang='lat' dir='ltr'>duo</span> <span class='ocrx_word' id='word_1_121' title='bbox 502 1933 616 1977; x_wconf 87' lang='lat' dir='ltr'>uersus</span> <span class='ocrx_word' id='word_1_122' title='bbox 631 1918 706 1976; x_wconf 85' lang='lat' dir='ltr'>octo</span> <span class='ocrx_word' id='word_1_123' title='bbox 721 1918 825 1977; x_wconf 85' lang='lat' dir='ltr'>metra</span> <span class='ocrx_word' id='word_1_124' title='bbox 839 1912 972 1991; x_wconf 86' lang='lat' dir='ltr'>habent,</span> <span class='ocrx_word' id='word_1_125' title='bbox 988 1913 1131 1995; x_wconf 89' lang='lat' dir='ltr'>primum</span> <span class='ocrx_word' id='word_1_126' title='bbox 1142 1914 1229 1977; x_wconf 84' lang='lat' dir='ltr'>enim</span> <span class='ocrx_word' id='word_1_127' title='bbox 1240 1916 1379 1976; x_wconf 87' lang='lat' dir='ltr'>metrum</span> 
     </span>
     <span class='ocr_line' id='line_1_19' title="bbox 351 1995 1379 2078; baseline -0.002 -17"><span class='ocrx_word' id='word_1_128' title='bbox 351 1997 499 2062; x_wconf 68' lang='lat' dir='ltr'>Phoebas</span> <span class='ocrx_word' id='word_1_129' title='bbox 520 2001 587 2076; x_wconf 82' lang='lat' dir='ltr'>eut,</span> <span class='ocrx_word' id='word_1_130' title='bbox 616 1997 792 2060; x_wconf 81' lang='lat' dir='ltr'>secundum</span> <span class='ocrx_word' id='word_1_131' title='bbox 814 1998 918 2078; x_wconf 75' lang='lat' dir='ltr'>carpit</span> <span class='ocrx_word' id='word_1_132' title='bbox 946 2001 980 2059; x_wconf 85' lang='lat' dir='ltr'>et</span> <span class='ocrx_word' id='word_1_133' title='bbox 1006 1997 1054 2059; x_wconf 80' lang='lat' dir='ltr'>sic</span> <span class='ocrx_word' id='word_1_134' title='bbox 1075 2015 1134 2078; x_wconf 84' lang='lat' dir='ltr'>per</span> <span class='ocrx_word' id='word_1_135' title='bbox 1156 2001 1263 2060; x_wconf 89' lang='lat' dir='ltr'>cetera</span> <span class='ocrx_word' id='word_1_136' title='bbox 1284 1995 1379 2077; x_wconf 82' lang='lat' dir='ltr'>fona3</span> 
     </span>
     <span class='ocr_line' id='line_1_20' title="bbox 350 2078 1380 2160; baseline -0.002 -17"><span class='ocrx_word' id='word_1_137' title='bbox 350 2084 384 2143; x_wconf 88' lang='lat' dir='ltr'>et</span> <span class='ocrx_word' id='word_1_138' title='bbox 399 2080 446 2143; x_wconf 90' lang='lat' dir='ltr'>ita</span> <span class='ocrx_word' id='word_1_139' title='bbox 461 2080 509 2142; x_wconf 89' lang='lat' dir='ltr'>hii</span> <span class='ocrx_word' id='word_1_140' title='bbox 527 2079 590 2143; x_wconf 92' lang='lat' dir='ltr'>duo</span> <span class='ocrx_word' id='word_1_141' title='bbox 609 2079 735 2143; x_wconf 73' lang='lat' dir='ltr'>collecti</span> <span class='ocrx_word' id='word_1_142' title='bbox 749 2079 890 2143; x_wconf 89' lang='lat' dir='ltr'>sedecim</span> <span class='ocrx_word' id='word_1_143' title='bbox 908 2079 1044 2160; x_wconf 85' lang='lat' dir='ltr'>pedibus</span> <span class='ocrx_word' id='word_1_144' title='bbox 1055 2078 1244 2144; x_wconf 85' lang='lat' dir='ltr'>fulciuntur.</span> <span class='ocrx_word' id='word_1_145' title='bbox 1268 2100 1380 2142; x_wconf 87' lang='lat' dir='ltr'>omnes</span> 
     </span>
     <span class='ocr_line' id='line_1_21' title="bbox 351 2160 1419 2245; baseline -0.007 -18"><span class='ocrx_word' id='word_1_146' title='bbox 351 2165 458 2227; x_wconf 88' lang='lat' dir='ltr'>autem</span> <span class='ocrx_word' id='word_1_147' title='bbox 480 2164 567 2245; x_wconf 86' lang='lat' dir='ltr'>presi</span> <span class='ocrx_word' id='word_1_148' title='bbox 584 2183 696 2226; x_wconf 87' lang='lat' dir='ltr'>uersus</span> <span class='ocrx_word' id='word_1_149' title='bbox 711 2183 770 2244; x_wconf 89' lang='lat' dir='ltr'>per</span> <span class='ocrx_word' id='word_1_150' title='bbox 784 2160 963 2245; x_wconf 88' lang='lat' dir='ltr'>spondeum</span> <span class='ocrx_word' id='word_1_151' title='bbox 979 2163 1030 2225; x_wconf 89' lang='lat' dir='ltr'>edi</span> <span class='ocrx_word' id='word_1_152' title='bbox 1046 2161 1163 2226; x_wconf 73' lang='lat' dir='ltr'>solent,</span> <span class='ocrx_word' id='word_1_153' title='bbox 1192 2163 1256 2226; x_wconf 87' lang='lat' dir='ltr'>hec</span> <span class='ocrx_word' id='word_1_154' title='bbox 1271 2165 1379 2226; x_wconf 87' lang='lat' dir='ltr'>autem</span> <span class='ocrx_word' id='word_1_155' title='bbox 1393 2182 1419 2221; x_wconf 85' lang='lat' dir='ltr'>aa</span> 
     </span>
     <span class='ocr_line' id='line_1_22' title="bbox 349 2244 1379 2328; baseline -0.001 -19"><span class='ocrx_word' id='word_1_156' title='bbox 349 2246 520 2309; x_wconf 82' lang='lat' dir='ltr'>sciendum</span> <span class='ocrx_word' id='word_1_157' title='bbox 542 2251 600 2324; x_wconf 82' lang='lat' dir='ltr'>est,</span> <span class='ocrx_word' id='word_1_158' title='bbox 624 2245 711 2328; x_wconf 91' lang='lat' dir='ltr'>quod</span> <span class='ocrx_word' id='word_1_159' title='bbox 726 2245 814 2309; x_wconf 87' lang='lat' dir='ltr'>iuter</span> <span class='ocrx_word' id='word_1_160' title='bbox 829 2266 942 2310; x_wconf 91' lang='lat' dir='ltr'>omnes</span> <span class='ocrx_word' id='word_1_161' title='bbox 958 2245 1055 2328; x_wconf 86' lang='lat' dir='ltr'>pedes</span> <span class='ocrx_word' id='word_1_162' title='bbox 1071 2244 1219 2327; x_wconf 87' lang='lat' dir='ltr'>dactylus</span> <span class='ocrx_word' id='word_1_163' title='bbox 1234 2248 1268 2308; x_wconf 88' lang='lat' dir='ltr'>et</span> <span class='ocrx_word' id='word_1_164' title='bbox 1282 2266 1379 2328; x_wconf 86' lang='lat' dir='ltr'>spon·</span> 
     </span>
     <span class='ocr_line' id='line_1_23' title="bbox 353 2328 1381 2427; baseline -0.001 -34"><span class='ocrx_word' id='word_1_165' title='bbox 353 2331 431 2393; x_wconf 81' lang='lat' dir='ltr'>deus</span> <span class='ocrx_word' id='word_1_166' title='bbox 460 2330 679 2426; x_wconf 85' lang='lat' dir='ltr'>principatum</span> <span class='ocrx_word' id='word_1_167' title='bbox 701 2328 874 2427; x_wconf 28' lang='lat' dir='ltr'>‘habeant‘</span> <span class='ocrx_word' id='word_1_168' title='bbox 907 2328 1122 2425; x_wconf 79' lang='lat' dir='ltr'>medoriorum</span> <span class='ocrx_word' id='word_1_169' title='bbox 1150 2351 1302 2393; x_wconf 86' lang='lat' dir='ltr'>uersuum</span> <span class='ocrx_word' id='word_1_170' title='bbox 1331 2335 1381 2393; x_wconf 83' lang='lat' dir='ltr'>est</span> 
     </span>
     <span class='ocr_line' id='line_1_24' title="bbox 350 2413 1380 2644; baseline -0.002 -84"><span class='ocrx_word' id='word_1_171' title='bbox 350 2413 1380 2644; x_wconf 50' lang='lat' dir='ltr'>ifladffilldffilitlildip‘ttlliisffttldividit}</span> 
     </span>
     <span class='ocr_line' id='line_1_25' title="bbox 350 2595 1419 2646; baseline -0.003 0"><span class='ocrx_word' id='word_1_172' title='bbox 350 2602 452 2646; x_wconf 73' lang='lat' dir='ltr'>canen</span> <span class='ocrx_word' id='word_1_173' title='bbox 1392 2595 1419 2636; x_wconf 79' lang='lat'>25</span> 
     </span>
    </p>
   </div>
   <div class='ocr_carea' id='block_1_5' title="bbox 570 2697 1058 2863">
    <p class='ocr_par' dir='ltr' id='par_1_7' title="bbox 570 2697 1058 2863">
     <span class='ocr_line' id='line_1_26' title="bbox 575 2697 958 2778; baseline 0.003 -17"><span class='ocrx_word' id='word_1_174' title='bbox 575 2697 658 2778; x_wconf 78' lang='lat' dir='ltr'>festu</span> <span class='ocrx_word' id='word_1_175' title='bbox 680 2697 769 2762; x_wconf 81' lang='lat' dir='ltr'>diam</span> <span class='ocrx_word' id='word_1_176' title='bbox 791 2697 958 2762; x_wconf 75' lang='lat' dir='ltr'>sollemnia</span> 
     </span>
     <span class='ocr_line' id='line_1_27' title="bbox 570 2781 1058 2863; baseline -0.002 -17"><span class='ocrx_word' id='word_1_177' title='bbox 570 2781 676 2863; x_wconf 81' lang='lat' dir='ltr'>papla</span> <span class='ocrx_word' id='word_1_178' title='bbox 695 2800 755 2862; x_wconf 78' lang='lat' dir='ltr'>per</span> <span class='ocrx_word' id='word_1_179' title='bbox 776 2799 894 2846; x_wconf 82' lang='lat' dir='ltr'>cacam</span> <span class='ocrx_word' id='word_1_180' title='bbox 916 2782 1058 2862; x_wconf 75' lang='lat' dir='ltr'>conpita,</span> 
     </span>
    </p>
   </div>
   <div class='ocr_carea' id='block_1_6' title="bbox 351 2994 1383 3200">
    <p class='ocr_par' dir='ltr' id='par_1_8' title="bbox 351 2994 1383 3200">
     <span class='ocr_line' id='line_1_28' title="bbox 422 2994 1381 3066; baseline -0.005 -15"><span class='ocrx_word' id='word_1_181' title='bbox 422 3005 434 3051; x_wconf 90' lang='lat'><strong>1</strong></span> <span class='ocrx_word' id='word_1_182' title='bbox 455 2998 581 3052; x_wconf 87' lang='lat' dir='ltr'>omnium</span> <span class='ocrx_word' id='word_1_183' title='bbox 600 2996 635 3051; x_wconf 90' lang='lat' dir='ltr'><strong><em>N</em></strong></span> <span class='ocrx_word' id='word_1_184' title='bbox 642 2999 653 3066; x_wconf 84' lang='lat' dir='ltr'>l</span> <span class='ocrx_word' id='word_1_185' title='bbox 666 3003 682 3050; x_wconf 73' lang='lat'><strong>2</strong></span> <span class='ocrx_word' id='word_1_186' title='bbox 699 2998 874 3065; x_wconf 77' lang='lat' dir='ltr'>pensaturea</span> <span class='ocrx_word' id='word_1_187' title='bbox 887 2997 916 3051; x_wconf 90' lang='lat' dir='ltr'><em>P</em></span> <span class='ocrx_word' id='word_1_188' title='bbox 928 2998 939 3063; x_wconf 90' lang='grc' dir='ltr'>ΙΙ</span> <span class='ocrx_word' id='word_1_189' title='bbox 951 3003 967 3051; x_wconf 84' lang='grc'>3</span> <span class='ocrx_word' id='word_1_190' title='bbox 980 2995 1085 3064; x_wconf 83' lang='lat' dir='ltr'>accipit</span> <span class='ocrx_word' id='word_1_191' title='bbox 1096 2997 1125 3050; x_wconf 92' lang='lat' dir='ltr'><strong><em>P</em></strong></span> <span class='ocrx_word' id='word_1_192' title='bbox 1136 2996 1147 3062; x_wconf 78' lang='lat' dir='ltr'>l</span> <span class='ocrx_word' id='word_1_193' title='bbox 1160 3000 1176 3049; x_wconf 87' lang='lat'><strong>5</strong></span> <span class='ocrx_word' id='word_1_194' title='bbox 1188 2994 1335 3064; x_wconf 78' lang='lat' dir='ltr'>disperata</span> <span class='ocrx_word' id='word_1_195' title='bbox 1345 2994 1381 3055; x_wconf 88' lang='lat' dir='ltr'>P,</span> 
     </span>
     <span class='ocr_line' id='line_1_29' title="bbox 351 3060 1382 3134; baseline -0.007 -14"><span class='ocrx_word' id='word_1_196' title='bbox 351 3066 467 3134; x_wconf 78' lang='lat' dir='ltr'>diepam</span> <span class='ocrx_word' id='word_1_197' title='bbox 485 3064 520 3118; x_wconf 87' lang='lat' dir='ltr'><em>N</em></span> <span class='ocrx_word' id='word_1_198' title='bbox 527 3065 566 3132; x_wconf 78' lang='lat' dir='ltr'>le</span> <span class='ocrx_word' id='word_1_199' title='bbox 584 3064 738 3118; x_wconf 78' lang='lat' dir='ltr'>translatra</span> <span class='ocrx_word' id='word_1_200' title='bbox 754 3064 783 3119; x_wconf 89' lang='lat' dir='ltr'><strong><em>P</em></strong></span> <span class='ocrx_word' id='word_1_201' title='bbox 795 3066 834 3133; x_wconf 75' lang='grc'>117</span> <span class='ocrx_word' id='word_1_202' title='bbox 852 3064 1000 3118; x_wconf 83' lang='lat' dir='ltr'>fenumum</span> <span class='ocrx_word' id='word_1_203' title='bbox 1016 3062 1046 3117; x_wconf 90' lang='lat' dir='ltr'><strong><em>P</em></strong></span> <span class='ocrx_word' id='word_1_204' title='bbox 1057 3064 1067 3130; x_wconf 72' lang='lat' dir='ltr'>ll</span> <span class='ocrx_word' id='word_1_205' title='bbox 1080 3062 1223 3115; x_wconf 84' lang='lat' dir='ltr'>incolume</span> <span class='ocrx_word' id='word_1_206' title='bbox 1240 3060 1274 3114; x_wconf 91' lang='lat' dir='ltr'><strong><em>N</em></strong></span> <span class='ocrx_word' id='word_1_207' title='bbox 1306 3066 1323 3115; x_wconf 90' lang='lat'>8</span> <span class='ocrx_word' id='word_1_208' title='bbox 1340 3061 1382 3112; x_wconf 90' lang='lat' dir='ltr'>in·</span> 
     </span>
     <span class='ocr_line' id='line_1_30' title="bbox 351 3128 1383 3200; baseline -0.004 -15"><span class='ocrx_word' id='word_1_209' title='bbox 351 3132 449 3186; x_wconf 85' lang='lat' dir='ltr'>venire</span> <span class='ocrx_word' id='word_1_210' title='bbox 469 3131 504 3185; x_wconf 89' lang='lat' dir='ltr'><em>N</em></span> <span class='ocrx_word' id='word_1_211' title='bbox 516 3132 527 3199; x_wconf 75' lang='lat' dir='ltr'>ll</span> <span class='ocrx_word' id='word_1_212' title='bbox 544 3130 649 3184; x_wconf 81' lang='lat' dir='ltr'>multae</span> <span class='ocrx_word' id='word_1_213' title='bbox 667 3132 782 3186; x_wconf 77' lang='lat' dir='ltr'>iteravit</span> <span class='ocrx_word' id='word_1_214' title='bbox 800 3132 829 3185; x_wconf 92' lang='lat' dir='ltr'><strong><em>P</em></strong></span> <span class='ocrx_word' id='word_1_215' title='bbox 845 3133 855 3200; x_wconf 86' lang='grc' dir='ltr'>ΙΙ</span> <span class='ocrx_word' id='word_1_216' title='bbox 873 3132 1000 3184; x_wconf 80' lang='lat' dir='ltr'>ametro</span> <span class='ocrx_word' id='word_1_217' title='bbox 1018 3129 1053 3186; x_wconf 87' lang='lat' dir='ltr'><strong><em>N</em></strong></span> <span class='ocrx_word' id='word_1_218' title='bbox 1065 3130 1104 3195; x_wconf 83' lang='grc'>119</span> <span class='ocrx_word' id='word_1_219' title='bbox 1122 3128 1268 3182; x_wconf 87' lang='lat' dir='ltr'>rebtorum</span> <span class='ocrx_word' id='word_1_220' title='bbox 1325 3128 1336 3194; x_wconf 75' lang='lat' dir='ltr'>l</span> <span class='ocrx_word' id='word_1_221' title='bbox 1351 3133 1383 3181; x_wconf 92' lang='lat'>10</span> 
     </span>
    </p>
   </div>
   <div class='ocr_carea' id='block_1_7' title="bbox 350 3199 1383 3299">
    <p class='ocr_par' dir='ltr' id='par_1_9' title="bbox 350 3199 1383 3299">
     <span class='ocr_line' id='line_1_31' title="bbox 350 3199 1383 3299; baseline -0.007 -13"><span class='ocrx_word' id='word_1_222' title='bbox 350 3231 468 3287; x_wconf 71' lang='lat' dir='ltr'>secur</span> <span class='ocrx_word' id='word_1_223' title='bbox 480 3233 491 3299; x_wconf 86' lang='lat' dir='ltr'>l</span> <span class='ocrx_word' id='word_1_224' title='bbox 505 3237 536 3284; x_wconf 63' lang='grc' dir='ltr'><strong>η</strong></span> <span class='ocrx_word' id='word_1_225' title='bbox 554 3199 656 3285; x_wconf 57' lang='lat' dir='ltr'>mcccc</span> <span class='ocrx_word' id='word_1_226' title='bbox 673 3231 724 3299; x_wconf 77' lang='lat' dir='ltr'>Pu</span> <span class='ocrx_word' id='word_1_227' title='bbox 738 3237 769 3285; x_wconf 79' lang='lat' dir='ltr'>ra</span> <span class='ocrx_word' id='word_1_228' title='bbox 786 3246 840 3299; x_wconf 71' lang='lat' dir='ltr'>per</span> <span class='ocrx_word' id='word_1_229' title='bbox 857 3229 963 3284; x_wconf 67' lang='lat' dir='ltr'>bravia</span> <span class='ocrx_word' id='word_1_230' title='bbox 981 3230 1008 3284; x_wconf 83' lang='lat' dir='ltr'><strong><em>P</em></strong></span> <span class='ocrx_word' id='word_1_231' title='bbox 1021 3231 1031 3297; x_wconf 79' lang='grc' dir='ltr'>ιι</span> <span class='ocrx_word' id='word_1_232' title='bbox 1045 3233 1077 3282; x_wconf 83' lang='lat'>14</span> <span class='ocrx_word' id='word_1_233' title='bbox 1094 3228 1178 3281; x_wconf 72' lang='lat' dir='ltr'>uouu</span> <span class='ocrx_word' id='word_1_234' title='bbox 1189 3227 1243 3297; x_wconf 76' lang='lat' dir='ltr'>uu</span> <span class='ocrx_word' id='word_1_235' title='bbox 1256 3232 1288 3280; x_wconf 83' lang='lat'>15</span> <span class='ocrx_word' id='word_1_236' title='bbox 1300 3226 1383 3280; x_wconf 77' lang='lat' dir='ltr'>labus</span> 
     </span>
    </p>
   </div>
   <div class='ocr_carea' id='block_1_8' title="bbox 301 3292 1382 3635">
    <p class='ocr_par' dir='ltr' id='par_1_10' title="bbox 301 3292 1382 3505">
     <span class='ocr_line' id='line_1_32' title="bbox 351 3292 1371 3366; baseline -0.009 -12"><span class='ocrx_word' id='word_1_237' title='bbox 351 3295 976 3366; x_wconf 70' lang='lat' dir='ltr'>Plll&#39;lhiNtaduoPtvorsusNtlIS</span> <span class='ocrx_word' id='word_1_238' title='bbox 1016 3292 1371 3362; x_wconf 70' lang='lat' dir='ltr'>onaPltleduohiNl</span> 
     </span>
     <span class='ocr_line' id='line_1_33' title="bbox 301 3313 1350 3437; baseline -0.007 -19"><span class='ocrx_word' id='word_1_239' title='bbox 301 3365 308 3434; x_wconf 41' lang='lat'>¹.</span> <span class='ocrx_word' id='word_1_240' title='bbox 351 3365 498 3420; x_wconf 79' lang='lat' dir='ltr'>sulcantur</span> <span class='ocrx_word' id='word_1_241' title='bbox 514 3363 550 3418; x_wconf 92' lang='lat' dir='ltr'><strong><em>N</em></strong></span> <span class='ocrx_word' id='word_1_242' title='bbox 562 3367 573 3433; x_wconf 76' lang='lat' dir='ltr'>ll</span> <span class='ocrx_word' id='word_1_243' title='bbox 591 3371 624 3419; x_wconf 75' lang='lat'>20</span> <span class='ocrx_word' id='word_1_244' title='bbox 646 3365 713 3419; x_wconf 85' lang='lat' dir='ltr'>aedi</span> <span class='ocrx_word' id='word_1_245' title='bbox 763 3403 770 3428; x_wconf 87' lang='lat'>‚</span> <span class='ocrx_word' id='word_1_246' title='bbox 813 3363 843 3418; x_wconf 82' lang='lat' dir='ltr'>di</span> <span class='ocrx_word' id='word_1_247' title='bbox 865 3362 923 3431; x_wconf 73' lang='lat' dir='ltr'>Nl</span> <span class='ocrx_word' id='word_1_248' title='bbox 940 3369 971 3416; x_wconf 78' lang='lat'>21</span> <span class='ocrx_word' id='word_1_249' title='bbox 992 3313 1122 3417; x_wconf 77' lang='lat' dir='ltr'>daetuluc</span> <span class='ocrx_word' id='word_1_250' title='bbox 1144 3363 1185 3427; x_wconf 89' lang='lat' dir='ltr'>P,</span> <span class='ocrx_word' id='word_1_251' title='bbox 1209 3359 1350 3437; x_wconf 37' lang='lat' dir='ltr'>dactilus·</span> 
     </span>
     <span class='ocr_line' id='line_1_34' title="bbox 302 3379 1382 3505; baseline -0.008 -18"><span class='ocrx_word' id='word_1_252' title='bbox 302 3468 305 3505; x_wconf 76' lang='lat'><em>3</em></span> <span class='ocrx_word' id='word_1_253' title='bbox 353 3435 445 3501; x_wconf 82' lang='lat' dir='ltr'>(saepe</span> <span class='ocrx_word' id='word_1_254' title='bbox 468 3433 523 3500; x_wconf 69' lang='lat'>{122</span> <span class='ocrx_word' id='word_1_255' title='bbox 542 3431 734 3485; x_wconf 88' lang='lat' dir='ltr'>medoriorum</span> <span class='ocrx_word' id='word_1_256' title='bbox 752 3432 781 3485; x_wconf 92' lang='lat' dir='ltr'><strong><em>P</em></strong></span> <span class='ocrx_word' id='word_1_257' title='bbox 793 3379 861 3498; x_wconf 54' lang='lat' dir='ltr'>lieet</span> <span class='ocrx_word' id='word_1_258' title='bbox 879 3447 950 3486; x_wconf 81' lang='lat' dir='ltr'>vere.</span> <span class='ocrx_word' id='word_1_259' title='bbox 969 3428 1067 3498; x_wconf 72' lang='lat' dir='ltr'><strong><em>N1123</em></strong></span> <span class='ocrx_word' id='word_1_260' title='bbox 1085 3425 1382 3497; x_wconf 75' lang='lat' dir='ltr'>prosusP¹Nlllm1a=</span> 
     </span>
    </p>

    <p class='ocr_par' dir='ltr' id='par_1_11' title="bbox 351 3492 1381 3635">
     <span class='ocr_line' id='line_1_35' title="bbox 351 3492 1381 3568; baseline -0.006 -16"><span class='ocrx_word' id='word_1_261' title='bbox 351 3501 398 3554; x_wconf 79' lang='lat' dir='ltr'>tuc</span> <span class='ocrx_word' id='word_1_262' title='bbox 463 3501 473 3568; x_wconf 74' lang='grc' dir='ltr'>ΙΙ</span> <span class='ocrx_word' id='word_1_263' title='bbox 491 3501 624 3552; x_wconf 84' lang='lat' dir='ltr'>cantuum</span> <span class='ocrx_word' id='word_1_264' title='bbox 641 3498 683 3564; x_wconf 90' lang='lat' dir='ltr'>P,</span> <span class='ocrx_word' id='word_1_265' title='bbox 707 3498 823 3551; x_wconf 87' lang='lat' dir='ltr'>cautum</span> <span class='ocrx_word' id='word_1_266' title='bbox 841 3497 876 3551; x_wconf 90' lang='lat' dir='ltr'><strong><em>N</em></strong></span> <span class='ocrx_word' id='word_1_267' title='bbox 888 3497 946 3565; x_wconf 74' lang='grc'>1124</span> <span class='ocrx_word' id='word_1_268' title='bbox 965 3496 1107 3550; x_wconf 73' lang='lat' dir='ltr'>coiectum</span> <span class='ocrx_word' id='word_1_269' title='bbox 1124 3495 1170 3564; x_wconf 86' lang='grc' dir='ltr'>ΡΙ</span> <span class='ocrx_word' id='word_1_270' title='bbox 1188 3499 1221 3549; x_wconf 79' lang='lat'>25</span> <span class='ocrx_word' id='word_1_271' title='bbox 1239 3494 1309 3547; x_wconf 90' lang='lat' dir='ltr'>nent</span> <span class='ocrx_word' id='word_1_272' title='bbox 1325 3492 1381 3560; x_wconf 70' lang='lat' dir='ltr'>Pp</span> 
     </span>
     <span class='ocr_line' id='line_1_36' title="bbox 353 3564 1202 3635; baseline -0.008 -13"><span class='ocrx_word' id='word_1_273' title='bbox 353 3573 386 3622; x_wconf 82' lang='lat'>26</span> <span class='ocrx_word' id='word_1_274' title='bbox 404 3567 464 3622; x_wconf 86' lang='lat' dir='ltr'>feta</span> <span class='ocrx_word' id='word_1_275' title='bbox 481 3567 510 3621; x_wconf 90' lang='lat' dir='ltr'><strong><em>P</em></strong></span> <span class='ocrx_word' id='word_1_276' title='bbox 521 3568 532 3635; x_wconf 86' lang='grc' dir='ltr'>ΙΙ</span> <span class='ocrx_word' id='word_1_277' title='bbox 544 3564 714 3635; x_wconf 77' lang='lat' dir='ltr'>sollempnia</span> <span class='ocrx_word' id='word_1_278' title='bbox 730 3565 758 3619; x_wconf 90' lang='lat' dir='ltr'><strong><em>P</em></strong></span> <span class='ocrx_word' id='word_1_279' title='bbox 770 3565 780 3634; x_wconf 90' lang='grc' dir='ltr'>ΙΙ</span> <span class='ocrx_word' id='word_1_280' title='bbox 793 3571 827 3620; x_wconf 77' lang='lat'>27</span> <span class='ocrx_word' id='word_1_281' title='bbox 846 3567 948 3633; x_wconf 83' lang='lat' dir='ltr'>copeta</span> <span class='ocrx_word' id='word_1_282' title='bbox 966 3565 1006 3632; x_wconf 83' lang='lat' dir='ltr'>P,</span> <span class='ocrx_word' id='word_1_283' title='bbox 1025 3565 1148 3632; x_wconf 87' lang='lat' dir='ltr'>conpeta</span> <span class='ocrx_word' id='word_1_284' title='bbox 1196 3602 1202 3615; x_wconf 92' lang='lat'>.</span> 
     </span>
    </p>
   </div>
   <div class='ocr_carea' id='block_1_9' title="bbox 0 0 1611 4162">
    <p class='ocr_par' dir='ltr' id='par_1_12' title="bbox 0 0 1611 4162">
     <span class='ocr_line' id='line_1_37' title="bbox 0 0 1611 4162; baseline 0 0"><span class='ocrx_word' id='word_1_285' title='bbox 0 0 1611 4162; x_wconf 95' lang='lat' dir='ltr'> </span> 
     </span>
    </p>
   </div>
  </div>
 </body>
</html>
