3210 4162
184 292 186 296 ·
216 265 282 320 XIV
618 262 836 318 PRAEFATIO.

216 468 314 527 neque
346 449 476 510 editores
507 450 668 510 auctorum
698 447 819 509 infimae
846 447 957 511 aetatis
985 449 1041 507 hae
1063 447 1095 506 in
1122 466 1155 505 re
1180 445 1239 506 sibi

216 541 390 598 constantes
424 539 578 598 vidissem,
642 538 737 597 Nolui
774 541 877 598 tamen
915 537 1101 597 differentias
1138 537 1239 595 ortho-

215 626 389 701 graphicas,
420 643 495 701 quas
523 626 562 685 ad
591 625 676 700 leges
706 625 961 699 pronuntiationis
995 627 1061 683 tum
1095 624 1239 699 temporis

214 712 350 788 vulgaris
366 713 566 794 enucleandas
580 713 746 787 plurimum
761 713 862 772 valere
875 713 1095 788 intellegerem,
1113 710 1235 769 omnino

213 800 457 874 praetermittere
476 804 508 859 et
526 803 708 875 apparatum
727 800 864 858 criticum
886 799 977 858 nimis
996 817 1122 858 onerare
1145 798 1236 857 rebus

213 887 261 946 his
283 887 448 946 levioribus
476 891 512 947 ut
537 887 643 946 multis
666 887 859 946 videbuntur.
904 887 1012 961 Itaque
1040 886 1073 944 in
1096 889 1237 943 textum

215 974 317 1050 recepi
346 974 492 1034 lectiones
523 976 573 1034 vel
596 974 727 1032 maxime
754 975 918 1034 inusitatas
945 974 1075 1046 veritus,
1101 991 1140 1030 ne
1167 991 1239 1047 pro-

215 1061 399 1138 prietatibus
423 1063 593 1139 scripturae
616 1062 743 1121 detersis
773 1062 882 1121 studiis
906 1061 1113 1137 grammaticis
1141 1060 1239 1136 magis

215 1149 367 1209 efficerem
394 1169 485 1225 quam
517 1150 702 1224 proficerem.
752 1149 855 1226 Atque
883 1148 1116 1209 consonantibus
1143 1149 1238 1224 gemi-

214 1238 294 1295 natis
303 1229 328 1317 ¹)
351 1238 484 1295 multum
506 1237 620 1296 indulsi
647 1236 734 1295 libris
757 1237 790 1295 in
816 1236 864 1295 his
888 1255 978 1311 saepe
1002 1235 1239 1308 concinentibus,

217 1323 368 1384 vocalium
381 1343 454 1384 vero
468 1323 665 1382 instabilitati
678 1343 739 1383 non
754 1325 879 1383 eandem
894 1323 985 1382 fidem
1003 1323 1110 1399 habui,
1133 1341 1238 1397 quarn·

217 1430 308 1487 qnam
332 1412 424 1470 etiam
443 1412 497 1470 has
517 1411 556 1470 ab
576 1431 634 1470 usu
652 1411 775 1482 vulgari
798 1412 1004 1486 discrepantes
1024 1410 1238 1485 deprehendes.

215 1498 284 1556 Tali
315 1499 404 1558 modo
435 1517 485 1557 me
517 1517 578 1558 non
609 1499 675 1556 tarn
707 1499 839 1557 auctoris
867 1517 958 1575 quam
985 1498 1179 1556 librariorum
1207 1501 1239 1556 et

214 1585 347 1645 Parisini
384 1590 415 1644 et
443 1585 639 1661 Neapolitani
673 1585 823 1645 scribendi
859 1586 1008 1645 rationem
1044 1584 1239 1660 descripsisse

217 1673 283 1749 ipse
306 1673 447 1733 concedo:
477 1672 557 1748 quod
581 1672 722 1733 similiter
744 1673 904 1750 plerosque
927 1673 1084 1732 auctorum
1107 1672 1239 1731 editores

214 1763 246 1820 et
265 1761 364 1819 faeere
392 1762 423 1818 et
445 1761 565 1830 fecisse,
593 1762 731 1836 quamuis
760 1761 901 1820 sibinen
923 1760 1144 1835 persuaserint,
1167 1763 1236 1835 quis

215 1849 265 1906 est
288 1848 340 1923 qui
362 1845 475 1923 neget?
514 1846 656 1906 Ceterum
680 1847 916 1923 orthographiae
938 1865 1075 1922 normae,
1103 1865 1178 1922 quas
1206 1847 1240 1906 in

213 1934 300 1993 libris
338 1934 404 1993 aevi
440 1933 641 2011 Merovingioi
673 1938 705 1993 et
739 1933 872 1994 carolini
912 1933 1033 1994 edendis
1067 1953 1238 2010 sequamur,

213 2021 347 2081 nondum
370 2021 445 2080 satis
468 2023 643 2098 exploratae
667 2040 733 2081 esse
756 2022 831 2080 mihi
854 2022 977 2097 quidem
998 2023 1148 2081 videntur.

304 2108 441 2184 Denique
461 2108 488 2167 si
506 2109 669 2167 editionem
688 2108 727 2169 A.
744 2108 807 2167 Mai
830 2109 866 2166 de
885 2108 1014 2184 Virgilio
1037 2108 1237 2184 grammatico

216 2195 347 2254 multum
364 2195 468 2255 meriti
487 2214 555 2254 cum
572 2196 631 2255 hae
644 2200 750 2255 nostra
764 2195 966 2272 contenderis,
991 2199 1064 2273 quot
1079 2198 1111 2254 et
1124 2198 1238 2270 quanta

215 2283 438 2343 emendaverim
452 2284 501 2343 vel
515 2283 676 2343 emendare
689 2283 837 2343 voluerim
856 2302 1032 2359 cognosces,
1055 2300 1238 2359 quamquam

217 2389 278 2429 non
296 2388 394 2445 pauca
412 2375 590 2448 supersunt,
613 2389 692 2445 quae
715 2371 918 2430 emendatoris
937 2371 1048 2431 auxilio
1072 2371 1237 2446 indigeant,

215 2460 251 2516 ut
272 2458 330 2516 heo
353 2457 485 2516 editione
508 2458 633 2533 Virgilii
655 2458 848 2535 grammatici
878 2458 1011 2517 studium
1036 2459 1132 2535 magis
1157 2459 1238 2516 inco·

212 2545 322 2603 hatum
345 2544 386 2604 sit
411 2563 503 2620 quam
525 2545 564 2604 ed
583 2545 673 2604 finem
692 2545 878 2620 perductum.
917 2544 999 2615 Quae
1019 2563 1086 2604 oum
1104 2546 1149 2604 ita
1167 2545 1238 2621 sint,

213 2632 326 2692 multos
336 2649 385 2689 me
395 2649 461 2691 esse
476 2632 654 2691 habiturum
662 2633 881 2708 emendatores,
895 2632 1109 2708 castigatorem
1119 2633 1238 2691 nullum

214 2718 314 2777 animo
337 2718 425 2778 firmo
448 2737 571 2795 sperare
592 2719 699 2779 audeo.
1204 2715 1207 2720 ’

303 2805 462 2865 Postremo
477 2809 575 2866 restat
588 2809 624 2866 ut
642 2806 759 2882 gratias
778 2824 869 2882 agam
887 2806 1033 2866 maximas
1047 2806 1120 2865 viris
1140 2805 1237 2865 doctis

215 2911 289 2970 quos
311 2893 406 2953 libros
429 2895 650 2970 manuscriptos
674 2895 706 2952 in
724 2913 826 2954 meum
843 2912 933 2953 usum
956 2890 1006 2953 vel
1029 2912 1168 2953 exarasse
1187 2893 1238 2953 vel

213 3026 428 3036 ——-—.—-...—

288 3096 314 3161 1)
335 3093 407 3148 Vide
425 3092 523 3163 qualia
540 3095 641 3148 auctor
658 3093 721 3164 ipse
739 3093 917 3165 praeceperit
931 3112 959 3164 p.
974 3101 1016 3163 11,
1033 3100 1066 3149 13
1085 3095 1236 3150 Sciendum

213 3180 280 3219 saue
297 3165 371 3233 quod
389 3165 553 3234 ubicumque
571 3167 690 3219 vocalem
704 3166 853 3234 quemlihet
870 3166 903 3220 iu
916 3165 1007 3220 medio
1025 3170 1086 3219 orte
1102 3166 1236 3234 poscitum

213 3249 227 3289 e
245 3234 390 3302 dcepiieotu
408 3240 503 3289 secuto
518 3235 620 3302 fucrit,
640 3235 753 3290 condem
770 3235 890 3290 vocalem
908 3236 1087 3304 corripiemus
1104 3241 1137 3290 ut
1153 3251 1238 3290 cassu

213 3304 291 3370 fosso
309 3305 406 3359 ctussit
423 3305 503 3358 oiseii
520 3306 618 3369 cessit,
636 3311 666 3358 ut
684 3307 711 3359 ei
728 3320 815 3359 uuus
832 3306 936 3360 uocatis
946 3307 1117 3373 producetur
1130 3311 1162 3359 ut
1179 3307 1236 3374 pio-

212 3375 304 3429 riosus
322 3375 405 3429 visua.
422 3405 455 3414 -
475 3390 503 3443 p.
520 3380 580 3443 152,
596 3381 612 3429 o
632 3370 697 3430 Huc
715 3377 748 3430 de
766 3391 853 3430 causo
870 3376 903 3430 iu
916 3376 1058 3444 plerisque
1076 3377 1171 3430 literae
1184 3376 1236 3429 du-

209 3445 356 3570 pllp'euutur
373 3450 555 3570 epueououtes
568 3449 601 3500 ut
615 3445 712 3502 cellum
724 3461 776 3514 pro
791 3447 877 3501 ectum
891 3451 916 3500 et
933 3446 1025 3500 callim
1040 3461 1094 3515 pro
1112 3447 1192 3501 celim
1211 3450 1237 3500 et

213 3531 229 3570 o
251 3533 289 3570 eur
305 3531 359 3584 pro
376 3530 452 3570 oum.
