3210 4162
564 307 613 363 111.
640 305 904 364 FRAGMENTUM
921 308 1220 366 MEDIOLANENSE.
1348 314 1408 380 101

378 459 490 525 oculus
506 459 546 523 ab
563 461 732 527 oculendo.
762 461 850 525 auris
866 461 907 526 ab
922 460 1102 528 hauriendo
1119 464 1264 530 auditum
1280 463 1407 532 dicitur.

375 546 488 627 pectus
517 564 536 608 a
564 543 794 628 philosophica
823 544 988 611 latinitate
1017 568 1091 612 cum
1121 547 1342 615 additamento
1371 573 1408 615 ·s·

376 629 528 693 scribitur
556 651 595 693 ex
624 651 662 694 eo
691 630 775 712 quod
804 634 931 713 spectat
951 630 992 694 ad
1015 632 1120 696 cordis
1143 636 1277 697 secreta.
1323 634 1408 700 unde

375 712 526 794 lucanus,
555 713 684 797 quando
714 734 749 778 aa
771 719 903 797 pectore
927 715 1065 780 colitant
1088 717 1314 800 cogitationes.
1351 719 1408 783 sed

374 817 434 862 nos
449 802 562 881 pectus
578 818 597 861 a
611 798 820 881 pectinando,
841 799 875 862 id
891 801 941 862 est
953 799 1165 864 discernendo
1177 802 1405 886 cogitamenta.
1434 822 1447 863 a

374 880 461 946 unde
483 883 519 947 in
540 882 672 946 modum
694 881 798 965 pectis
821 882 990 947 cuiusdam
1019 884 1118 949 etiam
1139 885 1312 951 uisibiliter
1334 907 1408 950 oon-

374 968 507 1049 pactum
530 968 589 1031 est.
626 966 710 1031 unde
739 967 771 1030 et
794 987 876 1050 quae
899 966 934 1030 in
957 970 1088 1050 pectore
1109 969 1195 1033 male
1218 969 1409 1054 cogitantur

374 1053 509 1130 peccata
531 1050 689 1113 dicuntur.
727 1049 828 1113 ubera
848 1050 981 1114 nonnisi
1003 1051 1174 1116 mulierum
1203 1051 1267 1116 dici
1289 1052 1409 1116 debent

375 1132 416 1195 ab
439 1131 587 1196 ubertate
610 1132 712 1197 lactis.
751 1132 866 1228 siquis
883 1135 917 1196 in
932 1133 1012 1197 uiris
1035 1133 1135 1198 ubera
1150 1135 1290 1199 uoluerit
1304 1136 1408 1199 nomi·

375 1236 468 1297 nare,
491 1216 600 1280 uirilia
622 1217 733 1298 erunt,
757 1238 811 1296 qur
832 1214 984 1280 humores
1004 1218 1203 1282 inundanter
1218 1220 1407 1283 exuberant.
1421 1240 1447 1279 10

374 1298 561 1382 philosophi
595 1299 749 1363 uirtutem
779 1303 812 1362 et
844 1319 983 1363 cursum·
1016 1300 1103 1364 man·
1139 1308 1172 1364 et
1204 1304 1279 1386 pen·
1312 1322 1407 1367 uoca-

374 1386 504 1448 uerunt.
549 1402 684 1466 quorum
714 1383 884 1446 nominum
912 1404 971 1466 per
998 1404 1109 1448 omnes
1140 1405 1232 1449 casus
1254 1406 1408 1450 numeros

375 1486 495 1550 genera
516 1468 710 1549 monoptota
738 1466 911 1531 declinatio
935 1469 995 1530 est.
1034 1464 1152 1532 amari
1172 1489 1249 1552 ergo
1272 1469 1335 1534 hoc
1358 1473 1409 1533 est

374 1551 495 1615 uirtute
523 1571 638 1614 manus
666 1550 848 1634 appellatae
878 1554 955 1615 aunt
984 1552 1017 1614 et
1042 1572 1062 1615 a
1086 1552 1151 1635 pari
1176 1553 1290 1636 pedes,
1320 1553 1407 1637 quod

374 1655 395 1697 a
418 1655 513 1698 eursu
542 1635 600 1698 ast.
645 1633 732 1698 labia
759 1655 799 1697 ex
821 1635 931 1698 labore
958 1635 1123 1716 loquendi.
1170 1657 1288 1700 aeneas
1315 1654 1446 1700 meus1⁵

375 1737 612 1800 supernomen
635 1717 722 1781 aliud
744 1716 919 1801 intellegit.
957 1718 998 1781 ob
1020 1717 1084 1782 hoc
1106 1718 1219 1815 inquid
1243 1719 1330 1783 labia
1354 1740 1406 1783 uo-

376 1804 506 1879 cantur,
541 1800 616 1884 quia
647 1799 778 1865 cottidie
809 1821 867 1883 per
895 1800 996 1864 uerba
1028 1802 1066 1865 in
1094 1802 1213 1866 uitium
1241 1802 1406 1867 labuntur.

375 1883 457 1968 lapis
473 1885 512 1947 de
528 1884 632 1980 lapsu.
665 1884 720 1948 sed
738 1883 836 1947 altius
851 1884 976 1966 lapides
992 1884 1144 1950 dicuntur
1160 1885 1199 1949 de
1214 1907 1273 1949 sua
1287 1885 1407 1969 lampa·

374 1967 490 2049 ditate,
514 1987 589 2048 qura
612 1987 652 2030 cx
675 1967 721 2030 eis
743 1967 909 2051 lampades
931 1968 1035 2052 igitur
1054 1968 1286 2032 accenduntur.
1322 1968 1408 2032 unde

374 2055 407 2114 ct
434 2050 558 2134 lapides
586 2050 725 2133 preciosi
755 2072 795 2114 ex
823 2050 922 2115 insito
951 2052 1013 2114 sibi
1036 2050 1219 2134 splendore.
1257 2068 1335 2116 saxa
1358 2053 1405 2115 in·
1420 2067 1446 2106 20

373 2135 483 2198 mania
517 2138 549 2197 et
581 2133 759 2198 inmobilia.
808 2137 902 2218 patra
935 2135 977 2198 de
1016 2135 1149 2199 duricia.
1195 2157 1291 2200 omne
1320 2136 1406 2199 enim

375 2221 490 2282 durum
518 2222 552 2282 et
579 2218 781 2281 indomatum
810 2219 896 2300 apud
918 2221 1045 2283 ueteres
1068 2223 1195 2301 petrum
1219 2218 1406 2283 uocabatur.

374 2302 458 2385 quod
483 2321 702 2384 quaecumque
726 2320 846 2364 nomen
873 2303 910 2363 ut
932 2302 1039 2365 uerba.
1077 2301 1253 2366 secundum
1275 2302 1408 2385 propin·

373 2385 530 2467 quitatem
558 2404 624 2447 non
650 2385 842 2448 sonauerint
862 2384 1041 2449 secundum
1063 2404 1194 2448 sensum
1217 2388 1250 2448 et
1273 2404 1407 2448 consus·

372 2467 501 2532 tudines
524 2467 757 2552 scripturarum
780 2466 994 2552 intelligenda
1016 2471 1101 2532 sunt.
1128 2483 1266 2532 'menses
1283 2489 1302 2531 a
1317 2488 1405 2531 men·
1420 2484 1446 2524 2⁵

372 2573 458 2616 sura.
496 2555 621 2615 ueteres
650 2572 669 2614 a
697 2570 818 2616 mensa.
856 2572 894 2614 eo
920 2551 1006 2633 quod
1036 2571 1239 2615 communem
1260 2572 1407 2616 mensam

373 2634 522 2700 omnibus
552 2634 619 2699 suis
648 2634 810 2699 fructibus
838 2632 973 2698 faciant.
1009 2635 1096 2699 unde
1125 2639 1158 2699 et
1186 2635 1317 2699 iemales
1340 2655 1407 2698 non

372 2739 498 2784 menses
527 2717 608 2800 dici,
640 2719 694 2782 sed
724 2721 831 2801 spatia
858 2717 984 2782 uolunt.
1023 2717 1129 2803 gloria
1158 2739 1196 2781 ex
1220 2739 1257 2782 eo
1280 2718 1406 2796 dicitur,

394 2802 450 2866 uia
484 2802 542 2867 alti
576 2801 693 2885 quique
727 2804 765 2865 ut
792 2803 868 2866 sunt
897 2802 941 2865 dii
969 2803 1057 2886 apud
1084 2802 1274 2885 philosophi
1324 2802 1407 2865 lorea

373 2824 533 2950 dicuntur.
579 2886 635 2948 sad
664 2885 787 2949 cercius
813 2884 951 2968 gloriam
985 2905 1004 2948 a
1036 2884 1273 2970 glorificatione
1300 2823 1405 2948 ῗιωᾱίε
1419 2901 1446 2942 ao

373 2968 500 3034 dicitur.
544 2967 607 3032 hoo
636 2967 803 3032 sciendum
827 2968 914 3050 quod
936 2968 1046 3032 omnia
1068 2989 1152 3051 pene
1174 2968 1259 3052 apud
1281 2971 1408 3032 ueteres

373 3054 453 3117 sliat
486 3052 678 3117 dicebantur
711 3056 744 3115 et
776 3072 864 3116 nuno
898 3051 983 3135 apud
1022 3072 1083 3115 nos
1123 3051 1202 3116 aliat
1235 3051 1407 3115 habentur.

374 3158 412 3200 ex
441 3136 556 3219 quibus
584 3139 633 3199 est
661 3135 768 3220 gratia
797 3156 895 3218 quam
928 3156 997 3199 esse
1030 3134 1168 3199 dicimus
1216 3135 1279 3198 uod
1305 3135 1407 3218 gratis

373 3224 406 3285 et
446 3222 528 3317 sine·
553 3219 663 3303 precio
699 3219 864 3316 accipitur.
916 3219 965 3282 illi
1000 3218 1164 3315 gratulam
1195 3157 1353 3282 (licebant
1389 3239 1409 3280 a

373 3301 1082 3470 {lilith}..nlzallsstunltttlt
1095 3301 1446 3451 talttlttttl

372 3472 421 3536 illi
452 3494 530 3536 uero
562 3471 798 3556 protentorium
832 3471 993 3534 uocabant
1026 3471 1066 3533 ab
1102 3490 1139 3534 ao
1167 3469 1253 3552 quod
1278 3474 1407 3552 proten-

375 3555 471 3621 ditur.
517 3576 576 3619 nos
610 3555 746 3619 dicimus
781 3553 894 3619 dentes
923 3553 1010 3637 quod
1039 3552 1144 3619 edent.
1191 3558 1227 3617 ut
1256 3552 1334 3616 dant
1361 3551 1407 3615 lo·
