3210 4162
705 314 742 368 ΙΙ.
768 313 817 368 ΒΕ
835 312 1066 372 PRONONINE.

667 498 710 581 11.
745 497 806 563 na
828 497 1105 564 Paouomua.

457 631 529 696 Nisi
561 631 698 696 forsitan
727 635 876 697 nostrum
906 654 987 716 opus
1015 631 1194 697 claudicare
1221 635 1402 716 putaretur,

373 716 401 780 si
423 737 488 780 non
513 716 609 781 etiam
634 717 819 800 pronomini
842 738 901 781 sua
923 717 1060 801 epistola
1073 716 1191 782 fuisset
1205 717 1348 802 reddita,
1371 723 1404 783 et
1515 792 1517 797 ¹

371 800 432 864 tibi
456 801 605 866 desiderii
627 803 676 866 tui
693 802 803 885 aliqua
817 804 925 883 portio
942 801 1089 866 subtrahi
1104 801 1280 879 uideretur,
1303 803 1400 866 uelim

372 884 501 966 quidem
524 885 563 948 de
584 886 778 967 pronomine
800 887 906 968 magis
930 887 1138 949 conticiscere
1162 907 1259 969 quam
1279 885 1402 969 aliquid

372 968 492 1047 dicere,
516 970 706 1051 praesertim
726 990 800 1032 cum
814 974 881 1033 tam
898 969 991 1033 multi
1007 969 1046 1031 ds
1061 970 1122 1033 hac
1137 971 1293 1033 orationis
1309 975 1401 1053 parte
1428 989 1441 1028 s

372 1053 476 1116 mulla
498 1057 531 1116 et
553 1052 640 1116 clara
662 1053 715 1116 uel
737 1052 892 1136 opuscula
915 1053 1047 1135 propria
1062 1053 1115 1116 uel
1132 1058 1311 1116 ceterorum
1329 1074 1403 1136 ope-

372 1157 442 1199 rum
465 1136 537 1199 loca
555 1135 635 1200 hueo
651 1136 764 1200 eadem
779 1140 938 1221 occupata
954 1137 1198 1220 descripserint,
1221 1137 1277 1200 sed
1293 1140 1327 1200 et
1341 1157 1402 1222 ego

371 1219 1401 1368 ittixtttpittttqbibiturillitterati

371 1387 530 1465 incedam,
548 1325 634 1471 quiid
651 1387 778 1452 cuidam
795 1387 983 1451 conflictum
995 1387 1134 1470 fugienti
1147 1325 1400 1451 dicerefidentir
1416 1405 1440 1444 ιο

371 1492 467 1535 ausus
483 1475 533 1534 est
544 1491 646 1553 purpo
668 1472 775 1553 inquit
794 1472 898 1552 sapor
917 1471 1061 1550 fambulo
1083 1472 1199 1552 dipsas
1221 1477 1274 1551 est,
1298 1493 1402 1553 pauca

371 1554 430 1617 tibi
453 1555 501 1616 tui
524 1554 651 1636 negotii
673 1556 856 1617 necessaria
880 1553 918 1616 de
941 1554 1129 1636 pronomine
1152 1553 1350 1637 profabulor.

456 1636 601 1701 Primum
629 1639 664 1701 in
687 1637 800 1701 ordine
822 1658 1003 1720 pronomen
1026 1637 1154 1699 finitum
1176 1641 1227 1700 est
1248 1657 1317 1719 epo,
1340 1636 1401 1719 <de

371 1721 457 1803 quo>
494 1724 560 1784 tarn
594 1721 691 1784 multi
724 1722 912 1784 innumeras
946 1720 1152 1792 uentilabant
1183 1722 1400 1802 quaestiones,

372 1805 588 1867 inscrutantes
617 1803 779 1886 quomodo
808 1809 841 1868 et
871 1825 935 1886 qua
963 1805 1087 1867 ratione
1110 1805 1177 1866 tam
1200 1803 1401 1866 desimilibus
1415 1818 1441 1861 1⁵

371 1887 473 1950 literis
498 1887 582 1950 idem
605 1908 787 1971 pronomen
818 1889 1025 1970 conpositum
1054 1887 1113 1967 sit,
1143 1890 1180 1950 ut
1202 1887 1328 1950 dicatur
1348 1905 1402 1967 eqo

370 1974 447 2048 urei,
472 1971 557 2054 quod
579 1972 662 2054 pleri
686 1972 828 2054 iurgium
852 1972 899 2034 ita
921 1972 1014 2035 docte
1036 1970 1148 2034 sedare
1170 1970 1341 2048 uolebant,
1365 1973 1403 2034 ut

371 2056 579 2119 adfirmarent
597 2076 651 2138 epo
667 2057 754 2118 inter
769 2059 962 2138 monoptota
977 2055 1092 2119 debere
1108 2075 1234 2137 semper
1249 2048 1400 2134 adscribi,

369 2143 407 2202 ut
433 2138 468 2201 in
497 2139 586 2201 omni
612 2160 748 2203 numero
778 2160 897 2222 genere
926 2144 959 2201 et
990 2159 1082 2202 cassu
1110 2158 1164 2220 epo
1192 2136 1402 2222 singulariter

370 2224 537 2288 diceretur.
587 2221 832 2286 Torrentius
865 2242 919 2304 epo
952 2223 1039 2285 inter
1072 2221 1232 2285 deiectius
1265 2220 1403 2285 credidit
1414 2237 1441 2277 2⁰

367 2306 593 2380 iudicandum,
617 2309 653 2368 ut
675 2306 800 2369 scilicet
820 2311 954 2388 excepto
970 2305 1038 2368 solo
1055 2305 1258 2368 nominatiuo
1273 2305 1401 2368 nullum
1484 2382 1486 2386 Ι

370 2410 495 2453 cassum
530 2389 674 2453 haberet.
725 2389 854 2470 utrique
887 2393 998 2452 tamen
1031 2389 1183 2452 concordi
1215 2388 1401 2451 hortamine

370 2473 565 2555 definitoque
593 2473 699 2536 edicto
728 2472 881 2536 dicebant
909 2493 967 2554 pro
989 2491 1043 2554 epo
1071 2474 1155 2536 miae
1178 2470 1400 2553 accipiendum

439 2680 478 2726 13.
501 2672 573 2726 Erec,
596 2671 685 2726 Barsa.
704 2687 736 2739 p.
759 2676 824 2737 195,
844 2675 876 2725 2:
905 2671 1031 2725 Primum
1050 2716 1057 2730 .
1076 2711 1109 2726 ..
1134 2670 1169 2724 dc
1197 2686 1254 2747 quo
1281 2672 1342 2724 tam
1366 2710 1399 2724 ..

369 2740 548 2794 ventilabant
579 2739 762 2806 quaestiones
792 2738 935 2806 quomodo
960 2777 966 2791 .
991 2775 996 2787 .
1022 2775 1029 2792 .
1054 2777 1060 2792 .
1085 2737 1269 2790 dissimilibus
1294 2736 1399 2791 litteris

367 2807 509 2860 idest..
530 2846 536 2862 .
576 2805 690 2872 uodqus
712 2805 835 2874 iurgium
858 2804 901 2858 ita
918 2804 1048 2859 doctores
1067 2846 1074 2860 .
1092 2844 1098 2858 .
1119 2844 1125 2858 .
1143 2804 1177 2857 ut
1198 2804 1228 2856 iu
1251 2806 1400 2856 nominum

368 2875 465 2927 nostro
484 2913 531 2931 ...
551 2822 668 2925 definito
689 2911 736 2924 ...
755 2873 779 2924 si
797 2872 840 2924 its
858 2887 973 2926 cnr
991 2871 1090 2947 littera
1107 2872 1236 2923 servatur
1254 2869 1401 2939 ordolllsic

369 2981 401 2995 ..
422 2938 770 2993 .nondubItanturesse
790 2981 796 2995 .
817 2978 849 2992 ..
870 2938 1054 2991 utsrtrrte.
1074 2979 1080 2991 .
1101 2938 1320 3005 ..receperunt
1340 2981 1347 2994 .
1367 2978 1399 2992 ..

367 3005 492 3076 plurali.
507 3045 513 3058 .
527 3043 533 3059 .
546 3005 720 3058 retollissem
739 3034 772 3044 -
790 3004 900 3072 grande
918 3034 952 3043 -
970 3004 1121 3057 extrimum
1141 3006 1222 3071 (corr.
1234 3020 1269 3056 m.
1282 3006 1312 3069 2)
1325 3019 1399 3070 quae

368 3073 522 3126 secundum
540 3102 572 3111 —
591 3071 638 3124 vel
657 3087 772 3125 suorum
791 3071 868 3139 quod
888 3101 920 3110 -
938 3070 1081 3125 scribitur.

436 3238 573 3293 INCIPIT
594 3237 767 3292 SECUNDA
786 3237 836 3290 Du
854 3236 1073 3292 Puouotssun
1089 3238 1100 3304 fl
1119 3243 1134 3290 3
1154 3236 1265 3291 subtrsi
1282 3236 1315 3290 N
1330 3235 1399 3304 lsi.

367 3306 612 3427 {raritati
622 3311 712 3437 *osmi
725 3303 1106 3438 saturasset*
1120 3309 1136 3438 t
1150 3302 1401 3437 suerunt

367 3441 395 3494 B
412 3439 539 3507 supplevi
551 3440 561 3506 ΙΙ
575 3444 608 3492 14
624 3413 781 3518 innumeris
799 3414 835 3493 N
848 3410 1019 3516 fl‘yentilairt
1036 3437 1071 3493 N
1078 3439 1088 3515 ΙΙ
1104 3444 1137 3517 ¹⁶.
1152 3408 1322 3506 pronominis
1340 3435 1398 3516 Nil

368 3514 399 3645 {g
416 3505 714 3643 illli]riirl'=d⁰⁰l¹
730 3506 742 3575 l
759 3513 790 3560 21
810 3521 925 3560 nomine
944 3504 975 3559 N
986 3506 997 3574 l
1010 3511 1042 3560 23
1060 3503 1227 3573 difinrtoque
1244 3503 1280 3557 N
1288 3505 1299 3573 ΙΙ
1312 3519 1400 3556 nisius
