3210 4162
227 305 287 368 124
457 300 612 356 VIRGILll
631 300 798 357 MARONIS
816 301 1023 356 EPISTOLAE.

223 459 312 517 retur
335 475 352 518 o
375 474 468 537 egone
489 457 568 518 recte
588 452 650 532 feci
671 453 721 517 nel
744 453 863 517 locutus
884 452 981 517 scint?
1003 452 1118 535 plurali
1138 455 1248 518 tamen

223 558 359 601 numero
374 539 561 602 uocatiuum
577 557 702 600 cassum
718 538 876 612 inueniri,
899 538 934 599 in
950 537 1081 601 dubium
1098 536 1184 600 nulli
1197 537 1249 601 uel

225 622 488 685 contendentium
518 624 603 703 parti
633 623 744 683 uenire
765 625 887 702 potest,
922 626 959 683 ut
985 640 1082 685 aoso
1104 621 1248 700 arentin,

223 705 413 788 praesertim
443 725 515 767 cum
543 704 753 786 imperatinus
777 703 892 768 modus
916 706 1012 767 etiam
1036 705 1157 786 primae
1179 726 1249 788 per-

197 809 323 853 ssonae
344 788 462 872 plurali
484 808 618 851 numero
642 787 727 852 flecti
751 787 864 850 soleat.
893 807 964 851 cum
988 788 1074 851 enim
1098 788 1177 852 dicis
1192 808 1251 853 nos

224 873 378 950 dieamus,
401 893 459 937 nos
473 871 535 936 hoc
552 873 622 935 loco
637 871 805 935 uocatiuus
823 892 930 935 cassus
945 893 1014 935 esse
1029 876 1150 956 potest,
1174 872 1253 936 licet

224 960 257 1020 et
283 957 504 1020 nominatiuus
534 976 603 1018 esse
637 976 701 1018 non
723 959 871 1038 negetur.
910 957 965 1018 sed
988 955 1027 1018 de
1050 956 1109 1019 hoc
1131 976 1247 1038 prono·

222 1039 310 1103 mine
332 1040 410 1102 satis
433 1040 475 1102 sit
497 1037 627 1101 dictum.

308 1122 380 1186 Hoc
402 1126 511 1186 tamen
535 1142 713 1203 pronomen
738 1120 994 1202 conpossitiones
1017 1120 1094 1184 duas
1124 1122 1249 1204 recipit,

183 1227 209 1265 ιο
222 1205 275 1269 uel
304 1227 376 1269 cum
405 1207 510 1288 ipsum
539 1205 630 1268 illurn
660 1203 845 1287 duplicatur
874 1209 911 1267 ut
938 1225 1061 1286 epoepo,
1095 1205 1147 1268 uel
1176 1227 1249 1269 cum

221 1294 284 1353 met
304 1289 460 1371 syllabam
483 1289 619 1371 recipiet
641 1293 678 1352 ut
700 1293 832 1369 spernet:
861 1288 908 1350 sic
930 1292 1014 1369 ictu,
1042 1293 1153 1367 tumet,
1176 1309 1249 1364 sese,

220 1377 324 1437 semei.
362 1376 411 1436 est
434 1378 467 1435 et
488 1372 645 1455 quaedam
669 1372 816 1454 quaestio
839 1371 873 1433 in
897 1373 1141 1452 pronominibus
1166 1372 1248 1436 diffi-

221 1455 291 1519 cilis
324 1460 357 1519 et
391 1456 586 1519 solutionem
616 1457 695 1518 satis
729 1455 857 1537 indiga:
892 1477 968 1517 nam
1004 1477 1074 1519 curn
1112 1455 1249 1521 dicimus

221 1559 308 1604 mnis
336 1545 408 1604 tuus
442 1559 520 1604 scos
557 1542 589 1602 et
622 1540 656 1600 in
691 1538 808 1622 plurali
842 1559 977 1601 numero
1007 1544 1110 1602 noster
1137 1545 1248 1620 anter,

181 1623 387 1703 requaeritur
415 1643 512 1704 quam
540 1621 670 1684 tertiam
701 1641 872 1703 personam
907 1621 970 1684 huo
1003 1642 1123 1704 ponere
1156 1622 1249 1686 debe-

221 1705 336 1768 amus?
368 1709 491 1790 negant
519 1705 650 1788 quidam
679 1705 808 1768 tertiam
838 1725 1006 1786 personam
1035 1706 1071 1768 in
1094 1707 1154 1769 hoc
1177 1705 1249 1770 loco

220 1789 304 1852 sumi
331 1791 461 1871 penitus
490 1793 650 1871 oportere.
694 1789 846 1851 nonnulli
875 1809 934 1869 pro
964 1789 1101 1870 quodam
1130 1788 1248 1853 solatio

220 1873 431 1935 scribentium
448 1892 485 1935 ao
499 1871 678 1956 legentium
695 1871 826 1935 tertiam
841 1893 1012 1954 personam
1028 1872 1133 1955 illam,
1152 1892 1248 1954 quam

220 1955 256 2018 in
278 1957 433 2040 singulari
456 1976 590 2018 numero
613 1976 837 2038 posueramus,
866 1955 897 2017 id
922 1965 970 2019 est
991 1974 1083 2036 suns,
1108 1976 1248 2020 eommu-

180 2067 206 2107 so
219 2060 294 2102 nem
312 2061 379 2102 esse
395 2039 578 2122 diffiniunt,
601 2044 638 2102 nt
659 2040 770 2102 dicant
786 2039 848 2102 sic:
863 2059 951 2102 mnis
965 2043 1038 2102 tuns
1051 2058 1129 2103 snus
1142 2045 1249 2105 noster

218 2127 434 2201 desternatur,
459 2123 575 2204 quibus
597 2142 658 2185 nec
682 2123 811 2186 eredere
833 2144 891 2185 nec
914 2122 1046 2184 omnino
1068 2121 1248 2186 discredere

218 2204 353 2269 licenter
381 2205 550 2284 audemus,
580 2207 720 2268 maxime
748 2226 820 2268 cunr
850 2204 972 2268 nullam
1000 2205 1157 2268 rationem
1186 2205 1247 2270 hoc

217 2287 288 2352 loco
311 2289 497 2366 inueniant,
522 2309 584 2370 qua
606 2292 738 2352 seruant
760 2289 889 2352 tertiam
912 2309 1081 2371 persona-m
1104 2310 1165 2352 nec
1188 2290 1246 2352 ite·

217 2393 288 2434 rum
312 2373 432 2436 resumi
454 2371 792 2454 inreprehensibiliter
813 2392 909 2454 posse
932 2371 984 2434 uel
1008 2371 1133 2436 debere.

222 2510 424 2517 ——-—.--—-

287 2577 310 2628 9.
328 2570 385 2625 Ars
401 2587 449 2624 aa.
462 2571 548 2626 Bera.
558 2587 588 2639 p.
601 2575 661 2635 140,
674 2575 721 2625 15.ι
745 2571 818 2624 Item
831 2570 1005 2639 Virgilius
1016 2571 1121 2624 iterum
1135 2571 1170 2624 de
1182 2587 1247 2640 pro·

216 2637 378 2690 nominibus
396 2638 551 2707 conpositis
570 2637 655 2691 dixit:
676 2653 729 2706 ego
742 2653 900 2706 pronomen
914 2637 1025 2690 finitum
1038 2637 1246 2706 conpositiones

217 2704 289 2757 duas
306 2703 409 2772 recipit
421 2743 446 2758 ..
462 2747 467 2759 .
481 2704 622 2773 syllabam
640 2705 750 2782 recipit.
837 2711 865 2756 12
893 2705 950 2758 Are
967 2720 1015 2756 aa.
1033 2704 1120 2758 Baro.
1136 2721 1166 2770 p.
1183 2709 1244 2773 137,

216 2773 265 2824 27.-
284 2770 338 2823 Sed
357 2770 402 2823 hic
421 2771 518 2838 aliqua
535 2771 647 2838 questio
666 2772 767 2834 oritur,
786 2773 819 2823 nt
830 2769 965 2839 Virgilius
978 2769 1057 2822 Maro
1076 2770 1160 2824 dixit:
1180 2789 1244 2825 curn

216 2836 336 2889 dicimus
360 2853 440 2890 meus
462 2840 528 2890 tuus
550 2854 617 2891 suus
639 2839 736 2891 noster
760 2837 854 2890 vester
876 2835 1004 2903 queritur
1023 2877 1029 2890 .
1050 2877 1056 2890 .
1075 2836 1121 2890 hio
1139 2855 1244 2906 ponere

217 2901 353 2957 debemus
371 2903 476 2970 plurali
489 2920 614 2961 numero.
642 2904 722 2957 nulla
735 2903 810 2957 enim
824 2904 897 2956 ratio
910 2903 939 2955 in
952 2903 1078 2957 hocloco
1091 2903 1243 2970 invenitur,

236 2984 274 3022 ua
285 2969 401 3022 tertiam
413 2986 562 3038 personam
575 2971 681 3024 iterum
691 2970 796 3024 resumi
805 2970 1096 3038 inreprehensibiliter
1106 2986 1189 3039 posse
1199 2973 1245 3026 vel

216 2986 320 3090 lebera
340 3037 403 3104 quis
422 3036 499 3090 dicat
531 3037 660 3090 nonnulli
678 3039 774 3091 tamen
793 3052 844 3104 pro
863 3035 987 3113 quodam
1006 3036 1108 3090 solatio
1121 3039 1243 3091 scriben-

214 3102 287 3155 tium
307 3102 342 3155 ad
362 3103 517 3172 legentium
540 3145 570 3161 ..
590 3120 676 3172 quam
695 3104 723 3156 in
743 3104 880 3173 singulari
899 3119 1015 3156 numero
1034 3120 1196 3172 posueram,
1213 3105 1244 3159 id

216 3171 259 3224 est
276 3187 343 3223 suus
356 3186 534 3291 corprnunem
548 3187 608 3226 esse
621 3171 762 3226 definiunt
779 3171 855 3224 inter·
872 3170 1044 3240 singularem
1063 3173 1092 3225 et
1103 3171 1243 3240 pluralem

214 3253 398 3291 numerumn
431 3256 583 3296 ...suus

213 3361 416 3369 ——.—.—.——...

282 3428 298 3474 9
316 3422 426 3490 recepit
442 3421 474 3475 N
489 3423 500 3490 ΙΙ
519 3428 550 3475 10
560 3423 578 3474 f.
599 3438 663 3475 oum
682 3423 713 3475 et
730 3419 765 3474 N
777 3422 788 3490 ΙΙ
808 3426 839 3473 14
857 3436 934 3474 meas
951 3420 984 3473 N
999 3421 1089 3497 11)Βῇ
1108 3437 1193 3488 quam
1212 3423 1241 3474 in

214 3487 350 3558 singulari
373 3503 489 3542 numero
508 3504 542 3542 ce
560 3493 621 3543 orte
639 3504 686 3544 aa.
704 3488 791 3545 Rern,
810 3487 913 3555 recepi,
938 3507 958 3557 p
976 3504 1033 3555 qua
1046 3487 1115 3559 plim
1133 3488 1167 3543 N
1180 3490 1191 3556 ΙΙ
1213 3495 1241 3543 19

213 3569 397 3623 posueramur
413 3556 452 3609 Ν.
