3210 4162
715 316 752 372 11.
769 316 831 410 ¹Db]
848 311 1078 373 Paononlna.
1352 321 1415 386 129

382 488 470 532 cere:
486 471 520 531 et
534 467 719 532 econtrario
736 489 818 552 quae
833 468 989 554 praeponi
1002 472 1200 553 oportuerat,
1217 471 1414 557 inlegittime

381 555 623 636 postponuntur
650 553 829 618 secundum
853 553 1083 618 Gallienum
1113 555 1148 619 in
1177 555 1315 639 quadam
1345 558 1413 642 epi·

382 638 466 700 stola
489 638 702 702 scribentem:
733 639 816 704 sciat
837 639 889 703 tic
910 640 945 703 ia
968 658 1032 704 sese
1052 640 1262 705 uindicatum.
1302 640 1415 705 debuit

380 721 468 784 enim
491 720 597 786 dicere
619 721 671 787 aa
691 723 781 788 aaut.
819 720 970 787 Rectium
985 743 1113 806 quoque
1127 724 1319 806 prauissime
1336 726 1411 789 scri·

380 804 460 868 bens
483 807 530 868 ita
553 805 667 870 effatus
690 809 755 870 est:
778 807 808 871 is
830 811 902 871 erut
921 808 976 871 uir
997 807 1093 872 ualde
1114 808 1214 872 eoam
1229 812 1258 873 et
1272 810 1413 874 maxime
1438 829 1451 869 s

374 889 527 970 madens.
566 889 710 971 oportuit
739 910 827 971 eum,
856 890 881 953 si
913 889 1037 954 cerebri
1060 890 1110 953 sui
1134 911 1264 974 compos
1286 891 1411 969 fuisset,

380 972 427 1034 ita
452 992 635 1054 conponere
660 973 780 1037 erotis
806 974 903 1038 ualde
925 975 1024 1038 bonus
1045 975 1109 1038 atr.
1150 974 1213 1038 hoe
1235 975 1270 1038 in
1291 996 1412 1057 prono·

379 1055 522 1119 minibus
552 1054 672 1134 fecere,
709 1057 795 1138 quod
832 1056 929 1119 etiam
957 1058 991 1120 in
1022 1057 1218 1141 copulatiuis
1248 1059 1413 1122 contrario

380 1138 475 1202 modo
503 1159 578 1223 sepe
604 1141 791 1222 posuerint,
824 1160 961 1223 quorum
991 1140 1138 1205 ordinem
1167 1147 1412 1225 corrumpentes

379 1241 440 1303 que
467 1223 686 1305 copulatiuam
717 1224 983 1288 coniunctionem
1006 1228 1224 1308 proponentes
1246 1231 1276 1290 et
1297 1227 1410 1290 ordine
1425 1247 1451 1288 ιο

379 1306 636 1388 postposuerintr
676 1307 762 1370 sicut
796 1307 927 1391 quidam
961 1308 1102 1371 Gallus
1135 1312 1245 1372 noster
1279 1309 1409 1392 quidem

381 1389 560 1452 babtizatus
590 1392 705 1454 contra
726 1393 842 1474 gentes
865 1411 966 1474 agens
989 1392 1128 1456 adorant
1149 1391 1261 1474 inquid
1285 1393 1410 1472 quidem

378 1473 532 1553 solemque
561 1473 686 1555 lanam,
717 1493 789 1537 eum
820 1474 985 1538 debuisset
1012 1475 1117 1538 dicere
1147 1475 1288 1540 odorant
1314 1475 1411 1539 solem

379 1556 561 1637 lunamque.
596 1556 837 1620 Torrentius
860 1576 988 1639 quoque
1004 1557 1211 1622 Terrentii
1233 1558 1319 1621 filius
1336 1579 1410 1621 eon·

379 1639 479 1702 traria
494 1640 565 1702 uice
579 1639 689 1723 posuit
702 1641 773 1704 uiri
786 1641 934 1706 molares
948 1645 986 1721 et,
1010 1642 1121 1706 debuit
1136 1639 1222 1705 enim
1238 1641 1410 1705 manifeste
1425 1663 1452 1703 1s

379 1721 484 1787 dicere
506 1724 572 1788 ciri
594 1728 623 1790 et
643 1724 799 1789 maliace.

466 1806 570 1870 Multa
591 1808 689 1871 habui
713 1807 900 1873 huiusmodi
916 1829 999 1890 quae
1015 1807 1170 1873 disserere
1185 1809 1323 1891 possim,
1346 1809 1409 1873 nisi

380 1890 457 1971 quia
478 1891 671 1974 perlongum
696 1895 745 1954 est
768 1892 879 1955 omnia
894 1892 1099 1971 perscrutari.
1138 1892 1321 1956 sicutenim
1337 1892 1410 1974 quis

379 1973 542 2037 uiatorem
570 1975 624 2038 uia
651 1975 822 2057 proposita
843 1974 1009 2058 gradiens,
1040 1975 1068 2039 si
1090 1974 1155 2039 alia
1176 1975 1291 2038 semita
1313 1973 1411 2038 decli-

378 2077 456 2120 nare
479 2056 637 2138 uoluerit,
662 2060 696 2121 in
713 2079 779 2121 non
795 2079 915 2142 paruas
930 2058 1057 2122 itineris
1072 2059 1121 2123 sui
1137 2058 1275 2122 incurrit
1291 2079 1409 2136 moras,
1424 2081 1450 2120 ao

377 2140 551 2222 praecipue
574 2142 600 2205 si
623 2140 779 2205 festinare
802 2142 1024 2223 proposuerit,
1048 2143 1095 2205 ita
1117 2144 1150 2204 et
1172 2142 1227 2224 qui
1248 2141 1409 2205 scribendi

378 2223 485 2288 officio
516 2245 549 2287 se
577 2225 713 2304 dedunt,
744 2223 772 2287 si
800 2225 907 2308 operis
936 2225 1058 2308 arrepti
1087 2225 1149 2289 iter
1178 2225 1315 2309 ingressi
1346 2224 1411 2288 alia

378 2307 464 2370 inter
496 2310 617 2391 scripta
649 2312 846 2391 properant,
883 2309 1019 2372 multam
1051 2310 1086 2372 in
1118 2329 1214 2391 opere
1243 2329 1302 2372 suo
1334 2328 1409 2372 con·

377 2391 679 2472 perendinationem
701 2412 835 2456 necesse
857 2391 1028 2456 habebunt
1048 2393 1190 2456 incidere
1214 2393 1247 2455 in
1270 2395 1407 2468 tantum,

377 2478 413 2536 ut
444 2474 555 2538 multis
589 2475 872 2540 interiectionibus
906 2475 1072 2558 occupati,
1111 2497 1207 2558 quam
1242 2475 1409 2556 potissime
1422 2496 1448 2536 aa

377 2557 463 2620 uiam
492 2558 698 2640 gradiantur,
729 2580 748 2622 a
775 2558 942 2623 nonnullis
965 2558 1101 2642 incipiat
1121 2560 1277 2642 ignorari.
1323 2559 1409 2622 unde

378 2645 411 2703 et
432 2641 604 2705 lectoribus
619 2641 731 2705 multis
747 2643 839 2706 nasci
855 2642 982 2706 uideam
998 2640 1165 2706 festidium
1173 2691 1182 2724 ,
1206 2642 1282 2705 dum
1298 2641 1409 2724 longis

377 2724 537 2788 scribendi
567 2725 756 2789 circuitibus
784 2725 916 2809 fatigati
948 2726 1033 2808 cepti
1056 2747 1170 2789 sensus
1192 2726 1255 2789 iter
1276 2722 1407 2788 tandem

377 2808 557 2873 inueniant.
594 2808 774 2873 rectissime
798 2809 919 2872 etenim
941 2809 1060 2892 pedum
1081 2809 1215 2873 nomine
1237 2808 1407 2874 hominum

377 2891 477 2954 animi
489 2896 655 2975 uocantur,
672 2893 728 2976 qni
744 2914 802 2976 per
813 2913 946 2976 campos
959 2892 1204 2956 meditationum
1217 2891 1406 2976 sapientiae,
1423 2913 1448 2955 ao

377 2976 474 3039 siluas
498 2997 624 3060 quoque
648 2975 914 3041 difficillimarum
938 2977 1163 3060 quaestionum
1184 2976 1246 3040 iter
1261 2979 1407 3059 agentes,

376 3059 584 3123 festinatione
606 3081 734 3143 semper
755 3060 960 3124 inmoderata
982 3061 1016 3123 in
1040 3065 1168 3124 tantum
1190 3064 1226 3123 ut
1245 3059 1409 3123 lasescant

377 3143 427 3205 die
441 3147 605 3226 noctuque
620 3147 756 3208 utuntur
772 3146 866 3208 tanto
884 3142 1042 3207 desiderio
1058 3144 1200 3224 accensi,
1216 3147 1253 3206 ut
1267 3163 1407 3219 sensum,

376 3227 431 3309 qui
454 3226 535 3290 latet
555 3227 608 3291 uel
631 3229 686 3311 qui
710 3227 875 3310 differtur,
900 3228 966 3292 cito
988 3227 1136 3292 inuenire
1158 3226 1351 3291 desiderant.

377 3350 408 3356 ...ι
413 3350 581 3359 u*—

445 3417 460 3462 7
484 3410 524 3464 eis
545 3410 580 3464 N
594 3412 603 3479 l
621 3417 636 3464 9
654 3427 776 3478 quarum
799 3410 834 3465 N
848 3412 909 3532 ¹in
934 3381 1007 3479 qtae
1025 3410 1060 3464 N
1073 3413 1083 3478 ll
1097 3425 1151 3488 pro
1175 3409 1302 3477 enentes]
1325 3423 1407 3477 prae-

374 3479 511 3546 ponentes
529 3478 595 3532 Μαί
606 3479 616 3546 ΙΙ
631 3485 659 3531 11
680 3478 832 3547 pposuerit
893 3479 903 3548 ΙΙ
920 3484 949 3532 19
968 3477 1105 3532 declinari
1166 3479 1176 3546 ΙΙ
1189 3484 1221 3531 22
1240 3477 1332 3531 offitio
1350 3474 1406 3546 ΝΗ

373 3585 406 3632 er
425 3578 510 3631 mure
527 3579 561 3632 N
575 3581 586 3647 l
603 3585 636 3634 ss
654 3578 743 3634 sanos
762 3578 796 3633 Ν
811 3580 822 3648 ιι
835 3585 869 3634 aa
888 3547 1019 3632 differtur
1035 3578 1075 3633 Ν.

427 3672 504 3721 virgil
519 3673 553 3713 ed.
567 3673 676 3713 Husmsr.
1185 3668 1200 3714 il
