3210 4162
526 288 563 343 II.
586 285 849 344 FRAGMENTVM
860 285 1245 344 MONTEPESSULANUM.
1361 288 1401 354 97

368 463 439 506 esse
468 440 686 506 differentiam
714 439 895 506 adfirmant.
934 439 1072 524 prelium
1100 439 1188 505 enim
1210 440 1344 506 nonnisi
1366 441 1400 505 in

368 525 494 610 proelio
515 524 580 590 hoc
602 527 652 590 ast
673 526 708 589 in
730 525 849 610 pelago
869 525 954 590 effici
969 528 1088 610 potest.
1119 527 1206 610 quod
1221 527 1293 592 ideo
1308 546 1402 624 praa·

367 611 447 676 lium
470 612 659 676 nominatur
674 631 771 694 quam
785 631 864 695 praa
880 612 998 676 ceteris
1014 610 1182 675 clementia
1198 611 1337 695 quadam
1352 631 1401 676 m·

367 696 541 761 mansitate
564 693 753 760 inundando
777 695 874 759 etiam
899 698 933 760 et
954 695 1147 760 deundando
1170 697 1332 780 quendam
1347 695 1400 760 ad·

367 781 553 844 mirationis
575 779 757 863 praelatum
778 779 910 844 habent.
945 779 1067 844 bellum
1090 785 1198 844 autem
1213 781 1349 845 nonnisi
1365 781 1399 844 in
1426 799 1440 841 a

367 865 458 928 belso
485 863 549 928 hoc
577 867 628 927 eat
655 864 690 927 in
719 882 834 946 campo
863 864 981 947 agitur,
1019 863 1144 927 beleum
1167 865 1253 928 enim
1276 861 1402 928 abhoc

368 947 502 1028 dicitur,
527 946 613 1031 quod
637 946 728 1010 belsa
749 946 891 1029 plurima
913 967 996 1030 quae
1012 951 1089 1011 sunt
1103 949 1253 1030 gramina
1266 947 1401 1094 qrrofert.

368 1035 534 1094 certamen
557 1036 664 1094 autem
688 1052 707 1093 a
730 1033 818 1093 certo
840 1030 912 1094 loco
934 1029 997 1095 hoc
1021 1034 1072 1094 est
1092 1035 1298 1113 receptacuo
1315 1051 1402 1095 exer·

370 1116 454 1178 citus
483 1114 652 1177 diriuatur.
691 1133 805 1210 pugna
831 1114 1044 1178 iaculationes
1068 1135 1141 1178 suas
1163 1115 1303 1197 pugilles
1327 1133 1402 1178 suos

367 1198 538 1280 utrobique
568 1197 708 1282 pugines
736 1200 867 1261 1ectant.
906 1197 1019 1262 dicunt
1046 1198 1143 1262 etiam
1167 1197 1252 1280 quod
1275 1198 1339 1262 alia
1360 1198 1403 1261 sit
1416 1215 1441 1256 lo

368 1283 461 1365 plebs
485 1281 567 1345 alius
589 1279 736 1365 populus.
774 1281 866 1364 plebs
890 1281 978 1345 enim
1000 1279 1081 1346 haec
1103 1282 1182 1360 erit,
1212 1303 1273 1366 que
1296 1281 1402 1365 plenis

369 1366 458 1448 agria
487 1365 701 1448 domibusque
730 1364 820 1428 omni
847 1365 1029 1428 substantia
1051 1365 1237 1430 redundans
1259 1387 1318 1449 per
1339 1365 1403 1429 hoc

368 1469 430 1513 nec
452 1449 529 1512 belli
552 1448 705 1531 peruicax
728 1467 788 1512 nec
810 1449 957 1512 doctrine
981 1450 1087 1512 exstat
1101 1447 1225 1512 efficax.
1262 1447 1402 1532 populus

369 1537 477 1597 autem
500 1553 540 1595 ex
561 1552 648 1615 popa
671 1534 734 1596 hoc
756 1535 807 1595 est
828 1553 868 1595 ex
890 1531 1081 1596 fortitudine
1104 1533 1158 1596 uel
1179 1553 1335 1596 manuum
1350 1531 1402 1596 uel

369 1637 523 1680 sensuum
546 1618 593 1680 sic
615 1614 809 1699 appellatur.
847 1616 933 1680 unde
949 1615 1205 1680 Honoratum
1227 1615 1402 1699 reprehen·
1416 1632 1442 1673 1⁶

369 1698 476 1764 dimus
499 1700 713 1784 gramaticam
735 1699 790 1782 qui
815 1699 904 1763 canit
926 1699 1030 1782 ‘plebs
1051 1700 1086 1763 in
1102 1699 1187 1764 bello
1204 1702 1403 1784 congregata

370 1789 431 1847 est'
455 1787 489 1847 et
512 1784 576 1847 alio
599 1784 672 1847 loco
689 1789 796 1846 ‘uerus
811 1783 919 1865 inquit
933 1787 1053 1866 poeta’,
1077 1784 1124 1847 sic
1139 1783 1194 1846 ait.
1229 1782 1291 1847 hoc
1306 1804 1403 1866 quam

370 1867 468 1931 stulte
491 1868 618 1932 locutus
641 1870 708 1949 est,
734 1887 805 1931 oum
829 1867 892 1931 hoc
908 1866 1014 1931 dicere
1030 1865 1142 1931 debuit
1157 1871 1267 1931 ‘uerax
1282 1869 1401 1950 poeta’.

369 1973 466 2015 uerus
487 1952 574 2014 enim
591 1950 632 2014 ad
647 1953 781 2014 naturae
796 1953 925 2014 tantum
941 1951 1112 2016 ueritatem
1127 1950 1282 2034 refertum
1305 1971 1404 2015 uerax

370 2039 477 2098 autem
501 2034 620 2098 dicitur
642 2035 698 2117 qui
719 2054 923 2117 nequaquam
938 2034 1105 2097 mentitur.
1140 2035 1346 2117 consumptio
1361 2033 1402 2098 ad
1416 2051 1442 2092 ao

369 2117 601 2193 defectionem,
631 2121 867 2180 consummatio
897 2138 974 2181 uero
1005 2117 1045 2180 ad
1072 2117 1307 2200 perfectionem
1333 2138 1403 2201 par·

369 2202 465 2265 tinet.
502 2200 564 2265 EX
586 2199 786 2264 ΕΡΙΤΟΜΑ
808 2199 875 2264 IIII
891 2204 924 2263 et
939 2199 979 2284 V.
1018 2199 1167 2264 Tenebra
1189 2222 1263 2264 oum
1286 2199 1404 2265 dicitur

371 2285 531 2367 quaedam
558 2285 593 2347 in
623 2283 675 2347 die
703 2284 835 2366 ferrugo
857 2282 891 2346 id
914 2288 964 2347 est
986 2284 1093 2365 caligo
1116 2286 1274 2367 accipitur
1296 2287 1330 2347 et
1352 2304 1404 2346 ex·

370 2375 465 2452 cepto
489 2367 674 2431 accusatiuo
704 2367 860 2450 singulari
883 2387 941 2449 per
963 2387 1074 2430 omnes
1098 2387 1189 2430 casus
1212 2366 1403 2434 declinatur.

370 2455 405 2514 at
432 2451 586 2515 tenebrae
609 2449 799 2515 densissime
821 2449 1160 2533 profundissimaeque
1182 2450 1327 2514 noctium
1350 2449 1405 2513 ob·
1418 2465 1443 2507 aa

371 2535 541 2600 scuritates
564 2538 651 2599 sunt.
690 2533 740 2597 sol
762 2533 798 2597 in
820 2538 957 2616 utroque
980 2555 1115 2598 numero
1138 2534 1225 2599 flecti
1248 2555 1316 2598 non
1331 2555 1404 2617 pro-

370 2617 503 2683 hibetur
530 2617 585 2682 sed
609 2616 770 2701 singulari
791 2637 927 2680 numero
950 2619 1000 2681 sol
1021 2620 1128 2700 ipsum
1150 2617 1310 2681 luminare
1332 2618 1404 2700 erit,

371 2705 406 2766 at
427 2702 510 2766 soles
534 2703 624 2784 ipsos
647 2702 715 2764 dies
738 2701 960 2779 nominamus,
984 2701 1019 2764 in
1039 2700 1156 2784 quibus
1171 2701 1220 2765 sol
1235 2703 1340 2765 totum
1356 2700 1405 2764 in·

371 2785 513 2849 luminat
539 2784 661 2868 polum.
706 2784 856 2848 nonnulli
883 2787 994 2848 tamen
1016 2788 1142 2849 ueteres
1163 2785 1237 2867 ipsa
1260 2784 1405 2848 carmina

371 2870 456 2932 soles
478 2869 689 2932 nominauere
711 2868 795 2931 siout
811 2867 978 2932 Oratius
1001 2867 1035 2930 in
1058 2869 1222 2950 principio
1238 2867 1405 2932 cuiusdam
1418 2885 1444 2925 eo

372 2953 550 3016 uoluminis
573 2951 683 3014 taliter
705 2971 835 3014 exorsus
852 2955 917 3016 est:
941 2951 1026 3015 soles
1040 2971 1131 3015 meos
1146 2953 1236 3014 omni
1251 2951 1412 3016 ecclesiae-

370 3040 499 3101 uestrae
523 3033 722 3100 commendo.
761 3039 840 3100 sunt
853 3036 955 3099 multa
969 3035 1102 3098 nomina
1118 3056 1201 3118 quae
1217 3033 1338 3119 duplici
1354 3034 1406 3098 de·

371 3120 548 3185 clinatione
571 3120 717 3203 gaudent
739 3121 776 3183 ut
795 3120 947 3184 materies
963 3121 1113 3202 materia,
1136 3122 1311 3202 temperies
1324 3122 1406 3183 tem·

371 3205 536 3287 perantia,
561 3203 707 3267 caluities
722 3203 855 3268 caluitia
871 3203 1038 3267 caluitium
1047 3252 1055 3284 ,
1078 3203 1236 3286 segnities
1252 3203 1404 3286 segnitia,

371 3288 511 3352 laetitias
534 3286 674 3362 laetitia,
704 3285 831 3368 requies
859 3287 984 3371 requia,
1013 3287 1113 3350 facies
1136 3285 1230 3350 facia.
1276 3286 1332 3350 sed
1355 3286 1406 3349 his
1419 3297 1445 3341 ⁸⁵

372 3371 477 3436 multa
506 3371 662 3435 distantia
690 3372 748 3434 est.
787 3371 929 3455 segnitia
957 3369 1107 3454 frigoris,
1136 3369 1276 3434 laetities
1304 3369 1405 3434 subiti

372 3455 520 3519 beneficii
545 3460 609 3538 est3
637 3454 761 3518 laetitia
783 3453 967 3532 familiaris,
991 3455 1117 3536 requies
1140 3476 1159 3517 a
1182 3453 1292 3518 labore
1314 3453 1406 3517 refri-

372 3539 453 3622 gerii
476 3543 541 3619 est,
572 3539 685 3621 requia
708 3536 888 3602 ociositatis
911 3542 976 3620 eat,
1005 3538 1104 3602 facies
1126 3538 1198 3622 ipsa
1219 3537 1406 3622 superficies

424 3648 501 3698 virgil
515 3649 551 3690 ed.
563 3652 674 3691 Haemon
1185 3642 1200 3689 'l
