3210 4162
736 293 769 353 v.
798 294 1021 352 renorma.
1350 301 1392 364 41

361 447 496 511 tertium
517 467 623 532 genus
645 466 713 510 non
729 446 862 512 habent.
901 447 928 511 si
944 452 1052 513 autern
1067 470 1086 512 a
1101 449 1260 514 feminino
1274 469 1394 535 genere

362 531 526 612 uenerint,
548 533 620 594 trea
642 550 764 614 genera
784 531 820 594 in
843 531 976 597 adiectis
998 532 1166 598 habebunt
1180 539 1217 599 ut
1231 538 1281 599 est
1296 535 1394 602 beati-

362 615 455 697 rudo,
485 636 524 679 ex
552 636 615 699 qua
643 615 786 680 nascitur
817 615 925 682 beatas
947 617 1038 683 beata
1060 617 1195 684 beotiam.
1240 619 1338 683 simul
1361 623 1394 683 el:

361 699 425 764 hoo
446 698 593 778 adtende,
618 698 704 782 quod
726 699 837 764 omnia
853 700 1035 786 originalia,
1056 723 1140 786 quae
1162 706 1237 768 ante
1256 704 1394 768 nouissi-

363 805 449 848 mam
471 782 629 867 syllabam
652 805 674 848 a
689 782 874 865 habuerint,
897 786 1000 850 uerba
1014 787 1139 868 primae
1155 788 1392 872 coniugationis
1419 803 1432 844 ⁵

364 888 491 951 semper
519 868 737 951 procreabunt
765 871 803 932 ut
831 875 881 933 est
902 871 1005 934 oratio
1027 890 1082 935 oro
1104 889 1189 937 orae.
1234 874 1262 934 si
1285 874 1393 936 autem

364 956 441 1016 ante
471 951 606 1015 eandem
630 951 788 1034 syllabam
810 953 825 1016 i
845 951 1036 1035 habuerint,
1059 953 1160 1018 uerba
1180 954 1296 1019 tertiae
1320 976 1394 1019 oon-

363 1034 1395 1185 111111111111111111111111111111

362 1166 483 1285 reptae⁸
496 1202 669 1266 uerborum
686 1202 860 1287 originalia
875 1139 1081 1268 indisireram
1097 1142 1392 1302 regulamqhabent.
1408 1220 1433 1259 10

363 1287 449 1350 inter
470 1287 684 1368 operationem
708 1289 841 1369 etopus
862 1291 896 1350 et
918 1306 1046 1368 operam
1061 1287 1124 1352 hoo
1139 1291 1285 1370 interest,
1331 1287 1395 1353 uod

364 1371 504 1453 operatio
533 1369 700 1452 signorum
724 1372 788 1451 est,
817 1389 895 1451 opus
916 1371 1068 1452 generale
1091 1375 1141 1436 est
1162 1373 1251 1435 omni
1274 1311 1395 1454 oidoio,

363 1472 460 1536 opero
483 1456 592 1516 autem
614 1452 773 1536 singulari
795 1472 930 1516 numero
952 1453 1115 1518 laboriosa
1135 1454 1319 1519 sollicitudo
1335 1458 1394 1536 est,

365 1558 447 1622 quae
469 1535 642 1620 praecipua
664 1537 807 1599 animam
830 1537 960 1601 cruciat.
994 1538 1145 1602 nonnulli
1168 1538 1215 1602 ita
1237 1540 1394 1622 sentiunt,

365 1620 450 1702 quod
474 1621 558 1685 loeus
572 1619 745 1683 masculini
760 1621 889 1703 generis
905 1621 948 1683 sit
963 1624 996 1684 et
1011 1623 1079 1686 lora
1092 1621 1261 1703 neutralis,
1277 1623 1395 1704 quibus
1409 1636 1434 1675 ²⁵

366 1703 540 1767 auotoritas
568 1701 717 1767 lectionis
745 1723 813 1766 non
840 1703 967 1768 annuit.
1012 1724 1090 1768 nam
1112 1724 1187 1788 sepe
1210 1705 1394 1769 inuenimus

366 1789 467 1852 locum
486 1787 669 1851 masculino
690 1805 817 1869 genere,
841 1788 896 1871 qui
919 1786 1040 1851 habeat
1061 1788 1231 1871 pluraliter
1252 1790 1341 1872 toros,
1363 1791 1396 1851 et

363 1871 504 1935 neutrali
526 1888 645 1954 genere
668 1870 770 1935 locum
793 1873 855 1952 est,
881 1872 965 1952 quod
988 1870 1068 1935 faoit
1090 1872 1176 1949 tooo;
1199 1872 1245 1936 sio
1261 1874 1294 1935 et
1309 1875 1395 1937 loeas

364 1959 397 2018 et
418 1954 588 2050 pluraliter
609 1955 686 2037 ioci,
714 1953 793 2050 item
815 1956 919 2019 iorum
942 1957 976 2018 et
996 1953 1077 2050 iacit
1096 1955 1178 2020 ioco.
1210 1957 1301 2037 regia
1321 1954 1396 2018 aula

364 2037 1434 2206 11111111111111111111111111111111111120

366 2209 399 2270 at
414 2207 539 2290 figurae
555 2204 762 2287 conpossitae
776 2206 912 2287 uterque
929 2226 1037 2269 cassus
1052 2205 1087 2268 in
1102 2226 1159 2269 suo
1171 2210 1258 2270 statu
1268 2206 1396 2290 integer

365 2293 535 2372 permanet
556 2287 589 2350 id
606 2292 655 2351 est
670 2289 782 2370 inopia
798 2291 831 2350 et
845 2291 946 2370 inope,
970 2289 1069 2352 aenea
1083 2292 1117 2352 et
1132 2289 1229 2355 boreis.
1261 2292 1396 2371 uterque

365 2373 401 2435 in
428 2393 486 2436 sua
514 2369 732 2434 declinatione
760 2371 943 2454 repperitur
966 2371 1094 2435 dicente
1116 2370 1279 2435 Lucano
1303 2373 1396 2437 bones

434 2610 459 2659 3.
468 2605 504 2657 ib.
520 2603 610 2656 Simul
624 2603 764 2656 —omnia
778 2601 929 2672 originalia
941 2602 1129 2656 nomina—si
1144 2603 1211 2657 ante
1221 2602 1351 2657 eamdem
1362 2633 1395 2642 —

365 2671 518 2725 habuerint
526 2669 775 2724 tertiae-erudio
786 2669 1189 2724 erudisseoundae-habent.
1227 2668 1394 2748 ramoque.

366 2739 456 2793 Merit.
470 2738 626 2858 (efiNppp
643 2736 723 2790 Inter
741 2736 936 2857 operationem
955 2739 985 2790 et
1003 2753 1074 2804 opus
1087 2751 1220 2814 -Uquam
1232 2765 1265 2776 -
1279 2737 1395 2816 eruerat.

368 2813 408 2859 11.
427 2804 498 2858 Eae.
547 2819 608 2858 aaa.
626 2819 655 2870 p.
674 2807 726 2857 20:
777 2804 888 2857 onnullr
904 2805 947 2856 rta
963 2833 997 2844 -
1015 2803 1171 2857 masouhno
1189 2819 1294 2872 genere
1313 2806 1350 2857 art
1368 2804 1398 2857 et

366 2870 509 2925 adnuitur.
528 2886 595 2922 nam
608 2885 738 2938 saepe-
751 2869 977 2924 loona-habet
993 2870 1099 2937 plurali
1116 2898 1148 2908 -
1162 2869 1286 2924 neutrali
1302 2870 1396 2923 locum
1509 2879 1511 2883 ⁴

366 2968 399 2979 -
418 2940 484 2991 sunt
502 2938 531 2991 et
548 2966 581 2975 —
600 2936 820 3004 compositae-
834 2952 915 2990 casus
928 2966 959 2977 -·-
972 2935 1115 3003 reperitur
1126 2965 1160 2975 —
1172 2934 1325 2996 laudabit?
1336 2979 1342 2991 .
1353 2978 1359 2990 .
1370 2974 1395 2994 ..

436 3143 450 3190 1
468 3137 556 3191 trium
568 3152 677 3204 gennas
688 3137 717 3190 P
729 3137 739 3205 ΙΙ
752 3142 767 3188 2
781 3137 893 3190 venerit
903 3136 937 3189 N
946 3139 957 3206 ΙΙ
970 3106 1130 3202 adieetia'N
1138 3137 1148 3204 ΙΙ
1161 3141 1177 3188 4
1196 3135 1292 3212 omnia
1304 3151 1354 3189 om.
1366 3133 1400 3189 N

368 3206 381 3274 ΙΙ
394 3211 408 3259 7
421 3203 536 3274 tertiae]
547 3203 588 3259 aie
596 3201 661 3258 PN
669 3205 679 3272 l
691 3209 708 3258 8
719 3203 805 3256 viniri
815 3203 850 3257 N
853 3205 860 3239 ¹
875 3205 885 3271 ΙΙ
898 3209 914 3258 9
926 3203 1064 3258 secandae
1077 3203 1105 3256 P
1117 3204 1127 3270 1
1139 3203 1232 3256 tertae
1242 3218 1292 3270 qur
1301 3203 1328 3256 P
1341 3204 1351 3270 u
1365 3208 1396 3256 11

367 3303 532 3371 hoo-quod
550 3317 601 3357 om.
614 3303 649 3357 N
660 3304 665 3372 Ι
683 3308 714 3356 12
732 3282 823 3357 omni'
830 3303 916 3356 offleii
933 3306 978 3370 (ea
990 3305 1018 3371 o)
1036 3302 1071 3356 N
1078 3305 1088 3373 η
1103 3309 1134 3358 13
1147 3301 1285 3356 lassitudo
1298 3302 1332 3358 N
1341 3304 1351 3381 11
1366 3307 1397 3355 14

368 3371 584 3494 guae-oruciat
595 3385 647 3425 ons.
662 3369 696 3424 N
706 3372 715 3439 ll
728 3370 803 3447 itali
815 3386 849 3424 aa
860 3388 879 3422 u
892 3369 920 3422 P
932 3371 942 3438 11
957 3377 988 3424 15
1001 3371 1063 3424 loca
1080 3370 1213 3424 neutrum
1229 3370 1263 3423 N
1271 3374 1398 3438 sequatur

389 3440 609 3548 eproaommerll
628 3443 660 3490 16
683 3438 840 3492 auctorit-os
858 3438 887 3491 P
899 3438 909 3504 ΙΙ
924 3443 955 3491 17
972 3436 1050 3490 locos
1068 3453 1102 3492 ea
1119 3437 1199 3490 locus
1217 3437 1245 3490 P
1258 3437 1267 3503 ΙΙ
1280 3442 1313 3489 22
1332 3452 1397 3490 oon·

368 3534 501 3625 poenulo
519 3556 547 3609 P
560 3555 570 3622 n
583 3555 656 3623 earu
675 3554 712 3609 P.
