3210 4162
199 299 260 364 148
425 297 580 353 VIRGILII
598 296 764 352 MARONIS
783 295 994 352 EPISTOLAE.

283 450 334 515 De
361 451 507 534 optatiuo
535 470 663 534 quoque
691 448 787 513 modo
808 448 943 513 famosis
965 451 998 512 et
1019 446 1220 512 uentilabilis

199 536 344 620 quaestio
373 536 534 619 nascitur,
566 538 678 599 utrum
699 554 838 616 namque
860 533 896 597 in
917 531 1134 597 declinatione
1156 537 1222 597 tres

197 623 326 684 tantum
349 622 531 703 temporum
554 618 747 682 efficientias
770 616 920 683 ostendit.
957 617 1004 681 ite
1026 619 1123 680 etiam
1138 617 1223 681 ratio

197 704 383 779 continuat,
407 707 517 766 utrum
539 701 717 766 secundum
734 721 843 765 eorum
859 699 1115 783 intellegentiam
1130 721 1222 783 prae-

171 804 272 850 osens
306 791 434 869 tempus
468 788 502 850 et
533 785 745 868 praeteritum
774 783 985 868 inperfectum
1013 783 1127 847 modus
1155 804 1223 846 non

197 871 348 953 recipiat,
379 891 420 932 an
449 869 558 952 potius
582 869 646 932 duo
670 871 816 951 tempora
838 869 898 931 sub
920 889 984 931 una
1006 867 1223 931 declinatione

196 954 250 1017 uel
272 956 406 1037 propter
427 952 523 1017 latini
544 954 648 1017 status
669 951 860 1016 breuitatem
874 951 1039 1015 ueletiam
1053 955 1090 1015 ut
1104 949 1224 1014 auden·

196 1037 262 1101 tius
284 1037 405 1112 dicam,
429 1038 562 1119 propter
585 1035 770 1120 angustiam
801 1056 861 1118 per
889 1035 970 1098 duos
997 1035 1125 1098 ordines
1148 1055 1225 1098 oon·

196 1121 377 1198 tineentur,
400 1122 438 1183 ut
458 1140 531 1183 oum
547 1119 684 1186 dicimus
698 1120 825 1184 utinam
839 1138 987 1200 raperem
1001 1121 1034 1183 et
1047 1119 1088 1182 ad
1102 1121 1225 1181 utrum·

159 1223 185 1262 ro
199 1225 260 1287 que
271 1207 399 1286 tempus
414 1203 447 1266 id
465 1207 515 1268 est
528 1207 562 1268 et
571 1223 723 1286 praesens
735 1206 768 1266 et
777 1203 987 1285 praeteritum
998 1202 1224 1285 inperfectum,

198 1288 367 1369 pertineat.
405 1287 485 1349 item
514 1306 589 1350 cum
611 1286 748 1349 dicimus
768 1288 896 1350 alinum
916 1305 1075 1367 ropassem
1097 1285 1136 1349 ad
1160 1286 1224 1349 duo

195 1370 399 1434 excurrentia
421 1373 571 1452 tempore
593 1369 801 1453 coniugatur:
825 1368 912 1451 quod
934 1373 967 1432 et
989 1388 1050 1450 ego
1070 1369 1106 1432 in
1121 1368 1223 1450 epito-

195 1474 320 1516 marum
343 1474 440 1536 opere
455 1453 502 1516 ita
518 1472 587 1516 esse
603 1451 806 1516 sentiendum
823 1451 988 1516 scribsisse
1003 1473 1055 1515 me
1070 1451 1222 1516 arbitror.

197 1538 337 1600 ceterum
361 1537 399 1599 de
422 1537 665 1600 coniunctatiuo
688 1535 799 1615 modo,
824 1534 900 1617 quia
921 1534 1010 1598 nulla
1027 1535 1223 1618 ambiguitas

159 1634 184 1675 1⁵
198 1623 260 1693 est,
288 1619 372 1681 nihil
398 1620 604 1683 tractandum
632 1622 719 1702 puto.
757 1618 996 1701 propterquod
1018 1618 1117 1684 etiam
1139 1619 1224 1682 indi-

196 1702 337 1767 catiuum
370 1703 503 1767 modum
530 1705 566 1766 in
595 1701 733 1767 eundem
759 1702 972 1784 praedictum,
1006 1702 1039 1765 id
1068 1706 1119 1767 est
1148 1722 1224 1766 oon-

196 1786 413 1852 iunotatiuum
421 1836 431 1870 ,
454 1787 667 1870 redigendum
683 1806 719 1851 ao
734 1785 953 1869 recipiendum
968 1786 1119 1850 nonnulli
1136 1791 1222 1851 uete-

197 1891 268 1933 rum
282 1875 451 1954 putarunt;
468 1871 585 1954 quibus
601 1890 661 1934 nec
677 1889 737 1954 ego
752 1890 910 1932 rennuere
926 1891 1066 1951 possum.
1096 1870 1224 1952 quoties

198 1973 275 2035 ergo
308 1953 502 2017 indicatiuus
535 1952 650 2017 modus
684 1952 862 2016 sententiae
895 1955 992 2034 caput
1027 1973 1094 2016 non
1132 1954 1224 2034 facit,

159 2052 185 2091 2⁰
198 2037 376 2118 simplicem
398 2037 662 2100 coniunctionem
683 2037 785 2100 faciat
801 2056 932 2099 necesse
948 2038 1006 2099 est
1043 2037 1225 2119 simplicem

198 2123 305 2183 autem
320 2118 392 2183 ideo
408 2120 560 2197 dicimus,
584 2121 662 2202 qnia
676 2140 745 2182 non
759 2123 827 2182 tam
843 2119 964 2196 doctis,
988 2139 1087 2201 quam
1101 2119 1225 2203 simpli·

198 2203 287 2266 cibus
316 2222 353 2264 ao
384 2203 555 2284 prosatiois
585 2202 754 2266 exordium
787 2202 925 2285 sumpsit
953 2201 1033 2265 haec
1062 2203 1226 2267 scribendi

197 2285 406 2349 consuetudo.
445 2291 587 2350 ceterum
615 2285 700 2368 apud
723 2286 845 2368 peritos
866 2306 1010 2370 quosque
1033 2285 1225 2351 Latinorum

198 2389 294 2432 omne
323 2370 459 2433 uerbum
486 2370 572 2452 quod
594 2390 663 2432 non
685 2370 726 2434 ad
750 2369 893 2433 dicturae
916 2373 1013 2452 caput
1035 2371 1222 2452 pertineret,

160 2465 186 2504 2⁵
200 2453 407 2516 coniunctiuo
430 2474 556 2534 semper
579 2453 676 2516 modo
699 2452 890 2535 ponebatur.

283 2534 380 2598 Nunc
409 2535 448 2598 de
476 2536 732 2619 subfiguratione
762 2536 938 2600 breuiarius
966 2535 1098 2618 quidam
1121 2556 1227 2599 sermo

200 2617 351 2681 dicendus
374 2622 431 2680 est.
465 2618 606 2701 primum
629 2640 706 2703 ergo
729 2618 956 2700 requirendum
971 2622 1021 2682 est
1035 2640 1135 2702 quare
1150 2640 1227 2682 con·

200 2701 317 2782 positio
338 2700 438 2766 uerbo
461 2700 610 2766 accidat?
633 2702 675 2766 ob
697 2705 764 2765 tres
786 2706 823 2766 ut
837 2702 954 2784 opinor
969 2722 1097 2780 causas,
1121 2703 1228 2782 prima

200 2785 249 2846 est
280 2803 414 2864 quarum
442 2790 576 2866 proter
608 2805 762 2867 sensuum
795 2785 1010 2867 expletionem
1038 2785 1091 2848 nel
1121 2786 1226 2849 inmo-

161 2866 373 2930 stationem:
395 2806 536 2931 secunda
556 2872 691 2950 propter
712 2869 809 2932 metri
824 2869 1106 2951 compositionem:
1128 2869 1227 2932 tertia

200 2953 249 3014 est
271 2954 403 3033 propter
424 2951 572 3033 loquelae
588 2952 689 3035 ipsius
705 2951 852 3016 decorem
867 2951 1127 3034 conponendum.
1163 2952 1223 3036 pri·

200 3054 285 3096 mam
309 3054 436 3097 causam
459 3035 598 3099 diximus
621 3056 706 3118 esse,
731 3057 795 3118 qua
816 3057 875 3119 per
897 3037 1016 3117 figuras
1040 3037 1227 3118 conpositas

205 3171 249 3178 --.a
255 3169 406 3177 ...m-...nan—

272 3253 283 3300 l
303 3247 418 3300 famosit
434 3248 469 3302 N
510 3255 525 3300 4
544 3249 576 3300 ut
592 3249 623 3302 N
641 3265 710 3304 corr.
729 3250 794 3303 Mai
810 3252 821 3318 ΙΙ
839 3266 935 3304 corum
953 3250 988 3304 N
1000 3250 1039 3319 1Ιό
1058 3249 1178 3304 mundus
1197 3249 1230 3303 N

201 3327 269 3368 eom.
287 3313 351 3367 Mai
368 3315 378 3381 ΙΙ
395 3320 410 3366 6
429 3314 481 3368 dec
493 3316 581 3368 inatio
599 3315 634 3369 N
648 3331 718 3371 corr.
737 3317 803 3371 Mai
819 3319 874 3386 1112
893 3317 1110 3387 ephetomarum
1126 3317 1161 3371 N
1170 3318 1180 3385 ΙΙ
1196 3323 1227 3371 13

203 3390 345 3466 scrib⁸isae
369 3413 403 3467 N
414 3416 425 3481 ll
444 3416 672 3494 lucrementum
696 3415 731 3469 N
745 3418 756 3484 [Ι
772 3416 900 3496 propter]
918 3417 954 3485 pi
969 3417 1004 3470 N
1016 3419 1026 3485 ΙΙ
1044 3423 1075 3470 19
1098 3418 1178 3483 ergo]
1200 3420 1231 3471 et

202 3478 313 3560 egoN
327 3494 397 3538 corr.
417 3480 481 3535 Mac
499 3481 510 3548 ΙΙ
527 3483 669 3536 sententra
692 3482 727 3537 N
740 3497 810 3538 corr.
828 3483 891 3537 Mae
909 3486 969 3562 1129
991 3500 1103 3562 sensum
1121 3484 1155 3538 N
1170 3487 1174 3552 Ι
1197 3491 1231 3539 30

202 3546 305 3598 tertiae
326 3546 359 3599 N
368 3548 378 3613 ll
392 3553 422 3601 31
443 3547 575 3602 docerem
593 3548 636 3615 N,
657 3548 850 3603 characterem
868 3549 931 3604 Mac
944 3552 954 3618 ll
967 3556 1000 3605 32
1018 3552 1137 3604 causam
1187 3596 1195 3610 .
