3210 4162
215 251 258 317 84
447 247 604 303 viudinli
621 246 790 302 MARONIS
808 247 1007 306 ΕΡΙΤΟΜΑΕ.

215 402 302 467 solus
329 422 388 484 per
415 399 501 464 diem
522 400 572 464 sui
594 399 732 484 fulgoris
760 399 794 464 ui
822 401 928 464 totum
954 400 1063 464 orbern
1094 399 1242 465 obtunsis

216 509 282 551 una
303 484 404 550 stellis
428 505 501 549 cum
521 484 601 549 luna
621 484 791 564 inlustrat,
816 484 869 549 uel
892 488 979 550 certe
994 485 1043 550 sol
1060 504 1098 549 ex
1114 484 1242 549 sollem-

215 572 317 635 nitate
356 569 416 634 hoc
457 574 506 633 cst
541 569 766 633 habundantia
804 568 985 651 splendoris
1025 572 1241 654 nuncupatur.

215 785 397 853 cogitationis
415 815 447 823 -
466 784 579 838 nominc
599 786 743 837 caeterum
761 784 785 836 si
802 799 886 836 omne
905 783 1026 851 quod-
1040 783 1242 851 requirendum

216 856 260 906 eet
277 851 352 905 unde
372 851 532 928 appelletur
549 867 611 917 pus.
629 868 683 919 pus
700 851 731 902 in
749 849 893 903 latinitate
905 849 1103 919 philosophica
1115 850 1243 904 custodia

216 919 290 972 sieut
307 919 448 986 origenius
466 917 581 971 dicit-
598 931 702 985 corpus
720 932 788 986 ergo
807 932 825 968 a
843 932 947 970 corona
966 916 1161 971 circumdandi
1179 919 1209 971 et
1227 933 1244 971 a

217 985 348 1039 custodia
364 983 506 1038 retinendi
524 983 672 1036 dicitur-
686 982 817 1036 sumendi
835 982 934 1036 oculus
947 983 984 1038 ab
997 983 1149 1049 oculendo‚
1168 984 1244 1037 auris

217 1053 254 1106 ab
272 1052 429 1105 hauriendo
447 1050 577 1105 anditum
597 1049 710 1103 dicitur.
739 1050 839 1119 pectus
858 1065 876 1102 a
893 1049 1090 1120 philosophica
1101 1051 1244 1105 latinitate

217 1136 283 1173 oum
301 1118 495 1174 additamento
514 1135 527 1172 s
545 1117 679 1171 scribitur
692 1133 727 1171 ex
740 1133 774 1170 eo
787 1117 864 1185 quod
877 1120 1034 1185 spectat-
1047 1119 1157 1173 secreta
1168 1119 1244 1172 unde

216 1186 365 1239 lucanus
402 1185 496 1240 nando
509 1202 540 1240 as
579 1185 674 1238 ectore
688 1184 807 1238 colitant
819 1184 1007 1252 cogitationes
1020 1185 1070 1239 sed
1081 1200 1132 1238 nos
1143 1188 1244 1253 pectus

217 1269 236 1307 a
257 1254 388 1322 pectinari
410 1267 427 1305 o
449 1252 524 1304 idest
570 1250 737 1304 iscernendo
761 1251 953 1318 cogitamenta
975 1251 1051 1305 unde
1074 1250 1104 1303 in
1128 1253 1244 1306 modum

216 1319 308 1396 pectis
330 1318 476 1372 cuiusdam
498 1318 586 1395 etiam
608 1316 759 1370 visibiliter
780 1317 952 1394 conpactum
962 1319 1013 1395 ¹est
1029 1317 1105 1370 unde
1124 1318 1154 1371 et
1191 1334 1243 1372 uae

217 1387 385 1506 itdfltt
401 1384 661 1518 attitulata
674 1412 712 1526 Ϊ-
726 1383 1148 1526 irriti-fuitus?
1162 1401 1246 1504 tsi:

219 1519 320 1571 denter
343 1518 501 1572 exuberant
522 1516 684 1586 philosophi
708 1517 844 1569 vrrtutem
868 1521 898 1569 et
920 1533 1034 1570 cursum
1055 1519 1122 1570 man
1141 1518 1171 1571 et
1187 1519 1246 1586 pen

220 1586 444 1638 vocaverunt-
462 1600 514 1651 per
536 1598 634 1637 omnes
652 1599 732 1636 casus
750 1597 883 1636 numeros
902 1599 1008 1651 genera
1025 1585 1195 1652 monoptota
1211 1613 1245 1623 -

220 1647 413 1705 est-amari—
422 1667 440 1704 a
460 1650 585 1728 pellatae
595 1650 661 1706 sunt
670 1679 703 1688 —
712 1649 768 1718 pei'i
778 1679 810 1688 ·-
821 1648 897 1716 quod
907 1666 925 1703 a
934 1666 1018 1704 cursu
1028 1654 1072 1704 est
1081 1681 1112 1690 —
1124 1650 1246 1704 lubicen

219 1718 317 1772 labore
335 1669 479 1784 loquenii.
512 1717 623 1770 Aeneas
641 1732 721 1770 meus
739 1731 823 1785 super
840 1731 944 1793 pomeri
962 1717 1042 1771 aliud
1053 1718 1197 1794 intellegit
1209 1717 1246 1771 ob

219 1786 274 1838 hoe
296 1785 396 1852 inquid
416 1785 495 1838 labia
515 1784 668 1849 vocantur,
691 1785 760 1852 quia
782 1783 898 1837 cottidie
921 1799 974 1852 per
990 1783 1080 1838 verba
1096 1784 1125 1837 in
1144 1785 1245 1837 vrtium

219 1850 365 1905 labuntur.
390 1850 419 1905 la
440 1851 464 1904 is
482 1850 620 1919 delapsu.
651 1851 701 1902 sed
720 1849 806 1903 altius
823 1848 934 1917 lapides
950 1879 979 1888 -
992 1850 1140 1920 lampades
1158 1850 1246 1920 igitur

221 1918 257 1986 (t)
271 1869 464 1971 accenduniiir
481 1916 557 1993 upde
576 1916 606 1969 et
622 1915 734 1984 lapides
751 1915 872 1994 preciosi
890 1945 923 1955 -
942 1915 1108 1985 splendore,
1126 1932 1194 1970 saxa
1205 1917 1247 1970 iu-

221 1984 318 2038 mania
336 1984 366 2037 et
382 1983 537 2037 inmobiha.
568 1983 653 2050 petra
669 1983 705 2036 de
723 1982 833 2036 duricia
850 1997 934 2037 omne
952 1984 1028 2037 enim
1047 1983 1148 2037 durum
1166 1985 1196 2038 et
1206 1985 1248 2037 in·

221 2051 368 2104 domatum
391 2050 468 2118 apud
490 2052 602 2104 veteres
623 2055 737 2118 petrum
755 2048 919 2108 vocabatur.
956 2049 1032 2117 quod
1050 2066 1247 2116 quaecumque

221 2133 326 2171 nomen
334 2117 368 2170 ut
379 2116 467 2171 verba
478 2115 633 2169 secundum
667 2116 891 2185 ropinquitatem
903 2130 960 2169 non
973 2117 1136 2171 sonaverint
1147 2133 1247 2170 secun·

222 2184 290 2235 dum
313 2199 426 2237 sensum
449 2184 479 2236 et
500 2182 636 2236 consuetu
660 2183 718 2235 'nes
737 2181 940 2250 scripturarum
963 2182 1151 2252 intelligenda
1172 2186 1247 2236 sunt.

221 2265 332 2304 menses
344 2265 362 2303 a
374 2265 516 2314 mensura,
527 2249 641 2303 veteres
653 2265 671 2302 a
684 2264 783 2302 mensa
792 2263 826 2302 eo
836 2249 912 2314 quod
927 2265 1106 2303 communem
1120 2265 1247 2304 mensam

222 2316 354 2371 omnibus
371 2316 429 2370 suis
446 2316 584 2369 fructibus
595 2315 710 2370 faciant.
728 2314 814 2383 unde
828 2320 857 2370 et
868 2315 987 2370 iemules
998 2333 1055 2370 non
1068 2333 1179 2372 menses
1191 2317 1248 2370 dici

221 2384 271 2437 sed
290 2383 384 2452 spatia
402 2383 509 2436 volunt.
538 2383 630 2451 gloria
647 2399 683 2436 ex
701 2398 734 2437 eo
753 2381 857 2435 dieitur
875 2384 943 2451 quia
955 2383 1007 2437 alti
1020 2383 1124 2452 quique
1137 2384 1171 2436 ut
1183 2386 1249 2437 sunt

222 2450 262 2503 dii
280 2451 356 2519 apud
389 2449 478 2502 hiloso
500 2450 530 2502 hi
542 2449 637 2517 glores
649 2449 791 2502 dicuntur.
817 2449 867 2502 sed
880 2449 988 2502 cercius
1000 2449 1121 2517 gloriam
1134 2466 1151 2502 a
1162 2449 1247 2517 glori-

221 2515 353 2569 ficatione
368 2467 594 2594 iendis-dicitur.
630 2515 683 2568 hoo
706 2514 853 2568 sciendum
871 2515 948 2582 quod
965 2515 1062 2592 omnia
1078 2532 1151 2583 pene
1170 2517 1247 2585 apud

222 2583 334 2637 veteres
353 2582 423 2636 ahai
445 2581 615 2635 dicebantur
634 2582 663 2635 et
681 2597 755 2634 nunc
774 2581 851 2649 apud
868 2597 918 2634 nos
937 2582 1009 2635 sliat
1025 2583 1176 2636 habentur.
1213 2598 1247 2635 ex

222 2647 325 2718 quibus
343 2652 386 2702 est
438 2649 497 2701 atia
515 2665 600 2716 quam
621 2663 682 2701 esse
701 2648 821 2701 dicimus
839 2648 916 2716 quod
955 2650 1023 2702 ratis
1036 2651 1066 2703 et
1078 2650 1137 2703 sine
1149 2650 1247 2726 precio

222 2716 282 2770 aeci
304 2715 361 2768 itur
386 2714 430 2767 ili
456 2715 601 2782 gratulam
624 2714 760 2768 dicebant
783 2729 800 2766 a
822 2667 1027 2783 gracuiaiione,
1054 2731 1105 2768 nos
1128 2715 1248 2768 dicimus

220 2783 289 2836 brac
310 2781 367 2835 iam
386 2797 421 2834 ex
439 2781 553 2835 hracho
581 2780 729 2834 brachium
748 2781 871 2834 enimin
889 2781 1032 2851 latinitate
1050 2781 1249 2851 philosophica

221 2848 360 2902 fortitudo
379 2847 490 2902 dicitur.
524 2848 567 2900 illi
590 2862 659 2901 vero
698 2845 884 2901 retentorium
906 2849 1047 2902 vocabant
1064 2848 1100 2902 ab
1120 2864 1153 2903 eo
1173 2848 1249 2914 quod

222 2915 499 3036 {satellitii
522 2914 976 3035 trininitatis
995 2917 1117 3037 tutti
1134 2916 1165 3037 t
1185 2916 1250 3036 tt

222 3049 309 3103 cibos.
345 3051 454 3102 Aeneas
478 3048 578 3102 dentes
600 3047 748 3101 mandulas
772 3048 828 3101 dici
851 2999 953 3102 melius
976 3050 1131 3103 arbitratus
1154 3051 1250 3103 estex

222 3130 256 3167 eo
294 3114 351 3167 uod
369 3115 518 3168 mandunt.
555 3113 601 3168 hic
618 3113 697 3167 idem
713 3113 785 3167 mihi
802 3112 916 3168 dicebat
934 3115 997 3169 cuin
1016 3116 1052 3170 ab
1071 3131 1105 3170 eo
1123 3116 1251 3183 inquiror

222 3131 293 3248 quii
311 3181 386 3235 esset
402 3183 514 3236 nutura.
551 3197 567 3235 ο
585 3180 627 3234 fili
645 3180 729 3245 scito,
753 3179 830 3249 quod
850 3182 1069 3250 uniuscuiusque
1088 3182 1129 3236 rei
1147 3184 1251 3237 nutura

222 3276 256 3288 -
274 3248 388 3302 omnino
406 3246 556 3301 subsistere
574 3263 608 3301 ae
626 3247 722 3300 vivere
741 3275 775 3287 -
793 3247 858 3300 actu
877 3279 908 3287 -
927 3250 1051 3318 natatu„

224 3429 555 3565 (semssoepollemnitatem
581 3430 617 3486 N
634 3431 681 3499 {13
708 3429 907 3485 habundancia
933 3432 968 3487 N
985 3434 995 3501 ΙΙ
1017 3433 1196 3503 noncupatur
1220 3434 1254 3488 Ν
