3210 4162
616 301 665 358 IV.
692 301 740 356 DE
758 301 957 361 AD'UERBIO.
1241 306 1302 374 159

270 453 384 519 uerbia
419 475 458 518 ex
490 455 672 539 participiis
699 453 922 520 indubitanter
949 455 1093 521 ueniant.
1136 457 1164 520 si
1193 461 1300 521 autem
1387 502 1389 506 ι

270 539 437 622 quaeritur
459 559 499 602 ex
521 559 584 620 quo
608 561 626 602 a
647 539 840 622 participiis,
865 538 970 603 dicam
994 545 1030 603 ut
1051 545 1203 622 expertus
1219 562 1300 620 sum,

270 621 347 704 quia
362 644 402 686 ex
417 622 591 706 participio
607 623 760 720 temporis
775 623 955 707 praesentis
969 624 1150 688 communis
1162 625 1300 709 generis,

270 727 309 769 ex
340 707 514 790 participio
546 711 703 790 temporrs
730 707 896 789 praeteriti
925 707 1100 772 cuiuslibet
1127 709 1219 772 uerbi
1249 708 1301 771 ad·

269 789 382 853 uerbis
410 793 594 855 sumuntur.
631 811 669 853 ex
697 790 820 854 duobus
848 794 955 855 autem
978 791 1097 855 tuturis
1119 792 1300 874 participiis
1327 810 1339 851 u

269 873 380 937 nullus
402 874 583 956 peritorum
605 873 757 937 aduerbia
771 874 945 957 sumpsisse
965 875 1201 958 conprobatum
1225 875 1301 938 dici-

269 977 342 1020 mus
365 957 450 1021 enim
474 958 631 1039 docenter,
660 959 833 1040 sapienter,
856 959 1030 1040 instanter,
1048 963 1301 1040 perseueranter,

249 1061 466 1124 -quamquam
489 1040 665 1104 secundum
683 1040 840 1104 Galbun
847 1061 938 1124 gum
961 1062 1000 1106 ex
1024 1042 1196 1124 participio
1211 1063 1301 1124 prae·

269 1125 371 1187 sentis
400 1125 556 1206 temporis
579 1124 678 1188 actiui
698 1124 790 1187 uerbi
812 1124 895 1188 sumi
917 1125 1080 1188 abnuatur
1101 1125 1299 1204 adumbinm,

269 1206 325 1270 scd
360 1228 400 1271 ex
433 1207 606 1290 participio
645 1207 799 1271 neutralis
835 1206 927 1271 uerbi
962 1208 1121 1274 trahatur.
1171 1229 1299 1272 necnon
1313 1228 1338 1268 ιο

269 1291 369 1354 etiam
412 1312 451 1354 ex
491 1293 671 1356 communis
705 1312 741 1354 ac
775 1290 965 1374 deponentis
1000 1292 1182 1375 participiis
1216 1293 1302 1356 idem

271 1374 385 1439 doctor
419 1375 572 1439 aduerbia
606 1375 717 1437 uenire
747 1375 810 1437 uisi
839 1374 981 1438 uitiatim
1009 1375 1165 1458 abneget,
1201 1379 1238 1439 ut
1267 1376 1302 1437 in

270 1458 448 1540 praeterito
482 1463 626 1540 tempore
660 1457 834 1520 secundum
870 1459 989 1522 trinam
1029 1459 1301 1542 significationem

269 1541 435 1623 passiuam
464 1542 587 1605 scilicet
614 1561 815 1605 communem
843 1561 880 1606 ac
908 1541 1126 1623 deponentem
1149 1541 1302 1607 aduerbia

269 1626 399 1707 uenire,
422 1625 531 1689 nullus
553 1626 730 1706 peritorum
751 1645 871 1708 negare
885 1630 1009 1708 potest:
1034 1625 1193 1709 siquidem
1217 1625 1300 1690 dica·
1314 1643 1339 1685 re

269 1730 342 1772 mus
373 1711 472 1786 docte,
502 1709 653 1790 oscntote,
680 1711 848 1789 auspicato,
880 1709 986 1773 beate.
1040 1708 1150 1771 audiui
1181 1715 1300 1782 tamen,

270 1795 349 1875 aput
371 1792 536 1855 Affrorum
566 1792 669 1856 scolas
697 1791 884 1874 frequenter
913 1791 994 1868 dici,
1023 1791 1108 1874 quod
1138 1813 1176 1854 ex
1204 1793 1300 1875 depo-

268 1875 418 1940 nentium
453 1875 626 1940 uerborum
663 1875 858 1957 participiis,
896 1895 1009 1939 eorum
1045 1875 1184 1939 maxime
1221 1896 1302 1958 quae
1362 1944 1364 1947 ,

270 1959 387 2042 agendi
411 1958 678 2023 consuetudinem
697 1979 763 2022 non
779 1958 937 2040 habeant,
961 1958 1116 2022 aduerbia
1130 1960 1220 2022 nasci
1235 1979 1302 2023 non

269 2043 407 2106 soleant.
1315 2059 1341 2099 ao

355 2124 444 2200 Quae
467 2145 542 2188 cum·
561 2125 608 2188 ita
631 2126 712 2205 sint,
741 2124 869 2187 intenta
893 2123 1062 2188 doctorum
1085 2124 1298 2208 ambiguitate

269 2209 330 2273 sibi
359 2213 396 2272 ut
424 2208 553 2272 uidetur
582 2207 824 2288 desonantium,
854 2207 1088 2272 consulendum
1116 2207 1211 2271 nobis
1241 2211 1299 2291 est,

268 2297 306 2357 ut
334 2313 373 2357 ea
401 2312 483 2374 quae
511 2313 530 2355 a
558 2293 689 2355 nemine
716 2291 919 2372 dubitentur,
949 2296 1071 2354 statute
1099 2312 1138 2354 ac
1169 2292 1299 2354 definite

269 2396 447 2457 sumamus,
482 2373 515 2438 id
544 2379 593 2438 est
621 2379 657 2437 ut
686 2396 705 2437 a
732 2375 902 2456 participio
930 2374 1114 2457 praesentis
1141 2374 1298 2457 temporis

267 2460 424 2524 neutralis
452 2457 544 2522 uerbi
572 2461 667 2541 atquc
696 2457 737 2521 ab
765 2478 802 2522 eo
832 2455 919 2542 quod
946 2457 1069 2540 passiui
1096 2457 1191 2521 uerbi
1214 2478 1298 2521 com·
1313 2475 1339 2516 ae

268 2543 441 2626 munisque
469 2542 529 2621 sit,
556 2541 804 2625 praeteritorum
836 2543 1006 2604 dumtaxat
1033 2545 1214 2623 temporum
1244 2540 1299 2603 ad·

267 2626 380 2690 uerbia
410 2645 538 2708 semper
563 2645 727 2688 sumamus
749 2627 786 2686 ut
807 2626 857 2687 est
873 2629 1132 2706 perseueranter,
1162 2625 1298 2706 firmate,

266 2714 414 2776 scrutate.
448 2707 624 2772 secundum
640 2708 723 2771 hanc
738 2708 884 2792 regulam
901 2707 998 2771 etiam
1014 2707 1049 2771 in
1065 2706 1298 2790 conparatione

269 2798 301 2857 et
323 2793 522 2876 praelatione
544 2792 804 2875 participiorum,
828 2792 1056 2856 aduerbiorum
1071 2811 1199 2874 quoque
1215 2791 1297 2854 ratio

269 2877 464 2942 seruabitur.
1316 2901 1340 2940 ao

355 2959 521 3024 Aduerbia
543 2963 666 3038 autem,
696 2979 777 3042 quae
799 2957 835 3022 in
856 2960 902 3022 inc
924 2958 1084 3039 syllabam
1107 2958 1293 3038 mittuntur,

267 3064 336 3108 non
359 3065 398 3106 ex
421 3063 487 3107 uuo
510 3042 605 3106 initio
627 3044 808 3106 sumuntur,
844 3041 1001 3125 quaedam
1024 3061 1166 3123 namque
1188 3061 1299 3103 eorum

336 3277 380 3332 tl.
399 3276 475 3328 inter
491 3273 649 3342 participiis
668 3278 692 3326 et
731 3272 865 3327 critarum
888 3274 1013 3341 spatium
1030 3276 1102 3327 5-6
1120 3273 1174 3326 lin.
1192 3273 1225 3325 in
1241 3271 1275 3324 N
1283 3271 1298 3341 Η

268 3346 283 3394 6
317 3341 466 3409 oritorum]
478 3341 614 3460 oripinem
626 3291 758 3460 111αὲΙῖὶο
769 3340 951 3408 participium
963 3339 997 3392 N
1005 3339 1016 3407 11
1030 3345 1062 3394 15
1074 3339 1175 3475 aspari
1188 3337 1220 3392 N
1228 3353 1297 3396 corr.

301 3410 332 3463 αι’
350 3409 360 3476 ΙΙ
379 3414 410 3462 16
423 3408 550 3462 usculac
569 3407 603 3461 N
616 3422 685 3464 corn.
736 3409 767 3462 ot
783 3406 899 3474 llocutc
919 3411 946 3470 (ο
966 3423 1000 3462 eor
1018 3411 1047 3471 u)
1065 3407 1101 3462 N
1109 3408 1113 3474 Ι
1132 3413 1163 3459 21
1185 3406 1299 3459 intenta

266 3476 305 3542 N,
325 3477 438 3530 attenta
455 3477 527 3530 coni.
545 3475 610 3528 Mai
622 3475 631 3542 ΙΙ
644 3480 678 3527 22
696 3473 893 3529 desonentium
910 3474 944 3528 Ν
953 3476 963 3542 ΙΙ
976 3473 1178 3529 contulendum
1196 3472 1232 3526 N
1240 3474 1250 3541 tl
1264 3478 1298 3525 26

267 3559 419 3613 dumtaxat
440 3567 468 3626 at
485 3558 519 3612 N
531 3559 541 3626 11
554 3564 586 3611 27
606 3545 789 3625 perseverant
806 3557 844 3612 N.
893 3603 895 3607 Α
