3210 4162
229 288 292 354 140
461 285 616 342 VIRGILII
633 285 797 341 Minoum
815 282 1025 341 EPISTOLAE.

227 442 437 526 proferemus.
472 440 711 523 frequentatiua
732 439 840 522 inquit
859 439 966 503 forma
980 440 1046 502 tres
1061 437 1253 502 efficientias

227 526 292 590 tria
314 547 356 589 ue
375 524 473 588 habet
486 527 702 605 inerementa3
747 523 865 586 rimum
880 523 965 605 quod
981 522 1105 586 duabus
1120 521 1253 605 syllabis

227 547 363 694 gaudet,
387 611 424 672 ut
445 607 533 685 tecto,
557 607 643 691 quod
665 545 795 690 quidem
817 628 856 671 ex
877 605 1016 688 simplici
1037 605 1142 696 torma
1157 604 1255 687 paulo

229 693 398 757 obscurius
427 691 569 755 cernitur
596 691 793 772 discrepare:
824 690 910 754 unde
938 692 972 753 et
999 710 1019 753 a
1045 689 1158 753 multis
1185 709 1254 752 non

202 780 295 840 stam
323 774 495 858 recipitur,
530 775 607 856 quia
633 775 770 839 formam
798 772 1074 855 frequentatiuam
1101 772 1255 837 adserunt

227 861 312 923 sicut
339 859 442 923 literis
475 860 522 939 ita
549 859 647 922 etiarn
676 879 772 922 sensu
801 857 958 921 diuersari
985 857 1118 935 debere,
1150 855 1249 920 immo

227 944 336 1027 potius
359 963 549 1007 accrescere.
587 941 641 1006 sed
664 963 724 1005 nos
746 941 792 1005 sic
809 941 958 1017 dicimus,
983 941 1070 1024 quod
1085 941 1138 1004 hic
1161 941 1253 1023 legat,

226 1026 311 1109 quod
334 1029 384 1090 est
405 1025 576 1090 minimum
604 1025 713 1089 saltim
742 1025 852 1089 literas
882 1025 1003 1103 dicere,
1033 1025 1117 1088 leetet
1144 1027 1254 1087 autem

227 1109 282 1192 qui
298 1109 383 1192 quod
400 1109 480 1192 legit
494 1108 683 1191 intellegere
699 1107 830 1190 incipit3
853 1108 956 1189 lepttet
974 1127 1069 1184 uero,
1092 1107 1146 1189 qui
1168 1105 1255 1189 quod

190 1193 310 1278 relegit
332 1192 494 1275 intellegit
516 1193 591 1274 (et)
610 1192 690 1255 alios
719 1190 827 1274 legere
849 1190 927 1254 fecit
948 1189 1106 1254 tradendo
1128 1189 1163 1252 in
1184 1194 1255 1253 arte

227 1275 404 1358 scribendi,
442 1296 525 1357 quae
562 1275 692 1356 legendi
729 1273 917 1337 nsuetudine
954 1273 1114 1357 didicerit,
1157 1293 1254 1355 porro

228 1359 353 1437 lectitet,
383 1359 438 1440 qui
468 1357 602 1421 omnino
630 1357 738 1441 legere
760 1378 829 1421 non
851 1356 986 1421 desinet.
1023 1356 1254 1439 inchogatiuae

228 1445 338 1506 autem
363 1440 488 1505 formae
515 1441 614 1505 uerba
641 1440 806 1524 utriusque
833 1439 1072 1523 coniugationis
1093 1461 1162 1504 esse
1182 1460 1254 1522 pos-

229 1529 322 1604 sunt,
351 1525 398 1588 ita
425 1529 536 1589 tamen
564 1528 602 1589 ut
630 1528 764 1608 utraque
791 1524 974 1608 coniugatio
1003 1523 1164 1588 alternum
1192 1524 1255 1587 sibi

189 1628 215 1669 15
229 1608 371 1672 uindicet
392 1610 536 1672 uerbum.
573 1629 648 1671 narn
672 1629 744 1671 cunr
767 1608 846 1672 dicis
867 1609 1006 1690 florisso,
1033 1608 1158 1690 primae
1180 1626 1256 1671 con-

229 1691 409 1775 iugationis
432 1712 500 1754 esse
522 1692 668 1754 noscitur
690 1695 728 1755 ut
747 1692 871 1771 florisso
885 1691 1048 1772 flortssus;
1071 1690 1117 1754 sic
1133 1691 1255 1773 sciisse,

222 1777 365 1856 petisse,
396 1776 536 1856 perisso.
583 1775 743 1838 mirantur
779 1795 856 1837 sane
890 1775 1039 1838 doctores
1071 1773 1186 1837 horum
1222 1773 1256 1838 in
1324 1855 1326 1858 y

229 1858 347 1940 quibus
370 1858 521 1921 adsumus
544 1860 741 1941 temporum,
765 1878 861 1940 quare
885 1863 918 1921 et
940 1859 1100 1941 quomode
1122 1859 1257 1922 uerbum

251 1942 352 2004 rimae
383 1941 621 2024 coniugationis
646 1963 714 2005 non
737 1962 794 2024 per
815 1940 924 2004 omnia
946 1946 1093 2023 tempora
1114 1941 1257 2005 deelina-

190 2045 216 2085 20
228 1963 328 2089 titur.
357 2024 385 2088 si
397 2024 483 2088 enim
495 2024 686 2106 declinatur,
701 2024 949 2106 inchogatiuum
965 2044 1115 2088 essenon
1131 2028 1255 2107 potest:

229 2128 306 2172 nam
335 2107 459 2190 primae
488 2108 725 2191 coniugationis
760 2109 858 2171 uerba
885 2128 944 2190 per
973 2109 1083 2172 omnia
1110 2111 1257 2191 tempora

231 2191 317 2254 exire
341 2211 449 2274 posse,
473 2191 597 2254 faciens
619 2190 715 2255 lectio
738 2193 948 2254 demonstrat.

318 2273 366 2336 De
393 2273 498 2337 forma
525 2294 602 2337 uere
629 2275 818 2338 meditatiua
840 2273 934 2336 multi
956 2273 1041 2336 ambi
1112 2276 1128 2336 t
1149 2276 1257 2336 utrum

229 2356 361 2439 penitus
385 2377 452 2420 esse
475 2357 591 2420 debeat
611 2377 653 2419 an
675 2378 758 2439 non,
781 2356 891 2419 multis
913 2357 1049 2440 neganti
1072 2377 1109 2420 us
1131 2359 1166 2420 et
1184 2356 1257 2419 aliis

191 2459 216 2500 as
230 2439 486 2504 adfirmantibus.
511 2439 632 2523 duplici
648 2441 745 2503 etiam
760 2440 893 2503 nomine
907 2439 969 2503 hoc
984 2440 1119 2503 uerbum
1132 2440 1256 2503 formae

229 2522 438 2586 meditatiuae
465 2522 583 2586 utitur:
614 2524 744 2605 quidam
773 2525 859 2585 enim
882 2523 1104 2587 meditatiuam
1126 2526 1256 2601 uocant,

228 2605 320 2688 quasi
353 2627 373 2669 a
406 2603 609 2685 meditand03
646 2606 732 2689 quod
766 2606 847 2669 mihi
880 2605 1053 2690 diligenter
1085 2606 1257 2690 indaganti

229 2688 462 2752 subobscurum
500 2710 569 2753 esse
605 2711 732 2772 semper
769 2689 904 2754 uidetur.
953 2711 1031 2753 nam
1067 2709 1140 2753 cum
1177 2689 1256 2754 dicis

228 2773 377 2848 uictoria,
409 2772 518 2836 nescio
547 2774 708 2856 quomodo
739 2773 780 2837 ad
810 2772 1056 2836 meditationem
1086 2773 1255 2856 pertineat,

190 2855 453 2937 eoquodcumque
487 2877 583 2919 sensu
614 2856 838 2940 intellegatur,
874 2858 942 2919 siue
970 2858 1007 2919 ut
1032 2875 1092 2919 nos
1119 2855 1255 2919 dicimus

229 2939 420 3018 quaudoque
452 2940 638 3022 uincamus,
676 2941 742 3004 siue
775 2942 814 3003 ut
847 2939 976 3022 quidam
1012 2939 1084 3004 uoto
1118 2940 1254 3021 uincere,

229 3020 398 3085 meditatio
420 3021 486 3084 hiic
509 3021 614 3085 locum
637 3043 704 3087 non
726 3022 807 3087 mihi
829 3022 958 3087 uidetur
979 3021 1135 3086 inuenire.
1179 3042 1256 3105 ergo

298 3277 313 3324 3
333 3269 484 3338 exemplici
500 3270 535 3323 N
549 3283 619 3324 corr.
637 3270 701 3324 Mai
718 3272 757 3334 118
776 3271 851 3338 quod
871 3271 926 3340 est]
947 3271 990 3324 est
1007 3270 1074 3324 add.
1087 3272 1098 3339 ΙΙ
1110 3270 1256 3324 minimam

227 3335 262 3389 N
271 3336 309 3403 119
328 3336 415 3414 legite
433 3336 467 3390 N
476 3336 486 3404 t
502 3342 533 3391 10
550 3335 641 3390 intelli
666 3336 688 3390 't
703 3336 737 3389 N
746 3338 756 3405 ΙΙ
771 3343 800 3390 11
821 3337 923 3391 dicerit
938 3337 1038 3406 1111111
1056 3337 1116 3406 qui]
1129 3338 1145 3405 ἰ]
1157 3337 1191 3392 Ν
1200 3338 1210 3406 ΙΙ
1227 3343 1257 3391 13

247 3408 289 3459 ost
306 3402 512 3484 cotnrugatienis
531 3424 562 3456 u·
580 3404 614 3456 ia
630 3354 673 3468 lii
686 3405 799 3482 sipuuue
816 3403 934 3469 sonasse
951 3406 1130 3472 11111111Ιῖ2
1148 3405 1255 3458 faciens

223 3419 849 3605 1111111111111111
880 3470 1254 3606 1111111111
