3210 4162
610 311 658 370 IV.
685 312 735 366 DE
754 311 954 367 nonnemo,
1237 314 1297 379 157

266 464 503 549 numquidnam
533 463 657 546 poteris
686 465 734 527 ita
756 485 940 548 conponere
962 466 1051 530 acuit
1070 463 1188 530 ualde?
1221 463 1298 528 alio-

269 550 348 634 quin
371 548 535 632 quomodo
557 549 754 613 sententiam
775 548 1008 633 intellegetur?
1042 548 1177 613 dicimus
1199 549 1299 614 etiam

266 639 335 700 tum
355 634 438 699 docti
461 636 495 698 et
516 636 584 698 tum
604 633 734 699 celoces
776 633 863 697 unde
891 637 925 698 et
952 633 1017 715 hii,
1047 633 1103 718 qui
1130 655 1200 698 non
1226 637 1299 698 octo

266 717 322 783 sed
355 717 465 801 plures
499 717 658 782 orationis
691 721 801 802 partes
835 739 1046 783 annumerare
1078 719 1209 797 uolunt,
1247 724 1299 782 ad·

266 803 414 866 uerbium
435 804 470 864 in
495 801 576 865 duas
598 806 707 884 partes
730 803 895 884 diuidunt,
918 824 1018 866 unam
1040 804 1147 884 prisco
1168 803 1299 865 nomine
1326 824 1339 862 a

265 886 458 949 aduerbium
479 889 652 965 uocantes,
674 885 810 949 alteram
826 886 1071 969 expressorium.
1108 886 1230 949 etenim
1245 886 1300 948 ad-

265 969 391 1046 uerbia,
414 989 499 1052 quae
521 968 710 1033 nominibus
733 969 787 1032 uel
810 968 883 1032 aliis
906 969 1067 1033 aduerbiis
1088 969 1298 1052 applicemus,

266 1074 335 1117 non
355 1055 423 1116 tam
446 1052 691 1117 adiunctionem
714 1053 861 1131 solitam,
884 1073 981 1135 quam
1003 1072 1156 1116 sensuum
1172 1072 1301 1134 expres·

268 1138 392 1200 sionem
422 1135 621 1218 significant.
659 1136 848 1199 aduerbium
871 1137 1024 1200 aduerbio
1046 1133 1206 1199 adherens
1229 1136 1300 1199 sine

267 1220 499 1302 conparatione
521 1219 630 1302 aliqua
649 1219 690 1282 ad
713 1220 964 1284 affirmationem
978 1223 1108 1283 tantum
1123 1219 1301 1301 pertinebit
1315 1240 1340 1278 ιο

267 1308 304 1368 ut
331 1308 398 1369 tum
426 1304 521 1384 dipue
548 1306 581 1366 et
608 1303 704 1368 ualde
731 1304 872 1368 uiriliter
901 1306 934 1367 et
961 1303 1180 1385 surreptura.
1217 1308 1302 1367 unde

267 1408 333 1451 non
361 1407 501 1469 paruum
532 1390 644 1450 errant
665 1387 722 1469 qui
743 1391 772 1451 et
794 1386 1058 1451 coniunctionem
1080 1386 1302 1468 copulatiuam

266 1473 499 1553 interponunt,
521 1472 558 1533 ut
580 1470 624 1533 sit
644 1471 725 1534 cotie
747 1474 777 1534 et
792 1469 936 1552 pulchre,

353 1552 590 1616 Aduerbiorum
612 1553 811 1636 significatio
833 1553 1023 1616 multimoda
1038 1554 1095 1616 est.
1133 1551 1190 1615 sed
1207 1552 1301 1614 multi

267 1636 456 1701 existimant
478 1635 569 1700 nulla
583 1636 737 1700 aduerbia
753 1657 793 1700 ex
807 1656 878 1700 sese
892 1636 984 1700 nasci
998 1656 1110 1719 posse:
1133 1656 1211 1698 nam
1225 1655 1301 1698 eum
1315 1655 1340 1694 15

268 1720 349 1784 dicis
377 1719 566 1784 aduerbium
595 1720 767 1803 separandi
794 1739 950 1801 seorsum,
982 1718 1083 1783 habes
1112 1739 1233 1782 nomen
1263 1740 1303 1782 ex

268 1824 332 1888 quo
354 1807 524 1884 nascatur,
551 1805 588 1866 ut
610 1807 660 1867 est
680 1824 809 1887 saurus,
838 1803 900 1867 hoe
923 1803 1051 1887 estqui
1072 1822 1107 1866 se
1130 1803 1238 1886 ipsum
1260 1803 1302 1865 ab

269 1888 413 1952 humano
447 1891 576 1970 separat
609 1888 791 1952 consortio:
825 1887 910 1952 sicut
943 1890 976 1950 et
1009 1887 1143 1967 odorus,
1178 1886 1234 1969 qui
1267 1905 1302 1949 se

269 1973 375 2055 ipsum
397 1971 438 2035 ad
454 1971 600 2035 omnium
623 1992 681 2035 ora
702 1972 846 2036 ostendit
868 1972 958 2035 iuxta
977 1970 1057 2034 illud
1074 1969 1302 2034 Ciceronis:

268 2057 299 2120 st
317 2056 439 2136 peritus
458 2054 566 2134 fecero,
590 2056 727 2119 odorum
749 2075 798 2119 me
813 2054 938 2134 factem
953 2054 1116 2130 omuibus;
1137 2053 1191 2116 stu
1205 2053 1300 2128 ottus,
1316 2074 1343 2112 20

268 2157 379 2203 source
411 2137 553 2218 efficiar,
586 2139 701 2203 tisicus
729 2158 778 2202 me
806 2138 1010 2203 conuentibus
1035 2137 1161 2201 tudere
1182 2137 1301 2218 perito-

269 2242 353 2287 rum.
390 2223 488 2286 simul
509 2221 699 2286 adnerbium
722 2220 960 2306 congregandi,
984 2225 1016 2284 et
1031 2240 1070 2283 ex
1086 2219 1300 2283 similitudine

271 2306 427 2370 nascitur.

356 2388 452 2451 Multi
474 2387 659 2451 obtendunt
680 2388 776 2452 nobis
799 2387 1036 2471 quaestionem,
1065 2384 1228 2468 quomodo
1251 2384 1329 2448 ad·v

270 2473 355 2536 iecta
375 2470 509 2534 nomina
530 2492 570 2535 ex
591 2470 753 2536 aduerbiis
768 2472 880 2535 uenire
895 2469 1082 2550 uideantur,
1105 2469 1243 2546 utheri,
1266 2489 1305 2533 ex
1319 2488 1345 2527 aa

272 2576 336 2639 quo
358 2557 538 2633 hesternum
560 2555 668 2637 hodie,
691 2556 778 2619 unde
800 2555 990 2631 hodiernum
1012 2572 1102 2633 orus,
1124 2552 1211 2616 unde
1233 2573 1305 2618 ero·

270 2640 388 2715 etloum
416 2637 596 2701 debuerant
625 2639 713 2702 enim
742 2640 847 2723 magis
875 2637 1028 2700 aduerbia
1056 2656 1096 2699 ex
1116 2636 1306 2700 nominibus

273 2722 372 2789 nasei.
412 2741 510 2803 super
532 2721 596 2784 hoe
618 2723 795 2785 Aeneam
819 2719 985 2785 consulere
1006 2739 1058 2782 me
1072 2718 1227 2798 memini,
1251 2718 1308 2802 qui

272 2805 355 2868 mihi
377 2803 563 2888 respondit,
586 2804 672 2887 quod
694 2805 759 2868 nisi
781 2805 902 2869 usitate
918 2801 1114 2868 consuetudo
1129 2801 1210 2866 haec
1224 2805 1307 2865 tem-

272 2889 359 2971 poris
375 2887 529 2952 aduerbia
545 2909 614 2952 esse
629 2888 828 2971 tradidisset,
845 2887 1039 2969 temporalia
1053 2885 1157 2970 magis
1173 2885 1346 2948 nominare

273 2975 306 3035 et
339 2975 532 3054 monoptota
560 2972 722 3036 credenda
751 2973 876 3053 forent,
913 2969 997 3034 unde
1026 2971 1106 3032 haec
1135 2968 1308 3033 diriuatiua

273 3060 491 3120 nascerentur.
530 3058 564 3118 et
583 3076 626 3119 ne
650 3057 701 3120 sui
724 3057 828 3139 ipsius
842 3075 991 3138 promere
1006 3052 1204 3118 sententiam
1218 3051 1308 3115 uide·

274 3143 377 3216 retur,
408 3138 591 3222 aquodam
614 3161 647 3205 se
670 3160 747 3204 sene
770 3139 876 3204 Iulio
899 3138 1030 3204 doctore
1053 3137 1202 3202 didicisse
1224 3155 1309 3200 asse·

312 3404 318 3415 ι
345 3345 357 3391 1
376 3337 577 3415 numquitnam
595 3338 630 3392 N
636 3339 654 3458 (p
671 3339 780 3417 aliquia
804 3337 838 3393 N
852 3353 922 3393 corr.
941 3337 1006 3392 Mai
1022 3338 1065 3415 13
1084 3336 1198 3390 relocet
1216 3333 1250 3389 N
1265 3335 1310 3411 115

296 3421 366 3459 risco
386 3407 405 3461 (1
423 3421 457 3459 ec
469 3407 497 3473 e)
515 3403 550 3458 N
559 3407 598 3474 16
618 3421 635 3459 a
656 3407 820 3461 verbrornm
838 3404 873 3460 N
881 3407 892 3476 11
905 3420 1099 3476 expresorrum
1116 3403 1151 3458 N
1160 3403 1170 3472 11
1183 3417 1310 3457 eceemm

322 3471 357 3538 ef.
371 3471 502 3539 Excerpe.
516 3472 556 3540 118
574 3488 688 3527 sensum
706 3473 741 3527 N
755 3487 824 3532 corr.
837 3473 924 3540 naeu
938 3477 968 3526 11
987 3471 1086 3541 pulcre
1103 3470 1138 3524 N
1147 3471 1157 3538 11
1172 3475 1204 3525 18
1216 3469 1310 3522 adoris

275 3573 309 3626 N
323 3588 391 3628 corr.
408 3573 473 3626 Mai
486 3575 497 3640 11
509 3577 541 3625 m
563 3554 720 3628 debuerant
737 3573 775 3631 N.
