3210 4162
236 341 297 406 118
466 337 623 394 VlltGlLII
642 336 810 394 narolus
828 336 1036 395 amsuchan.

233 492 350 575 fuerit,
374 490 504 555 datiuus
527 510 636 555 cassus
652 490 823 574 posteriori
845 491 977 554 acuetur
991 489 1116 574 syllaba
1131 492 1168 553 ut
1181 490 1261 572 ipai,

229 577 331 657 paui,
361 577 454 640 noui.
498 575 526 638 si
555 594 633 638 uero
660 573 785 655 syllaba
813 573 1007 637 nominatiui
1036 593 1146 637 cassus
1174 573 1264 654 prior

234 663 330 724 acuta
348 658 464 740 fuerit,
488 658 591 722 datiui
608 678 716 722 cassus
730 658 893 740 posterior
908 657 1102 739 corripietur
1116 659 1154 720 ut
1169 657 1264 738 clodi,

231 744 327 824 fami.
366 744 394 806 si
423 762 501 807 uero
523 742 746 805 nominatiuus
771 762 878 805 cassus
901 740 1142 823 monosyllabae
1164 739 1264 804 fuerit

209 826 323 889 sillius
353 824 522 889 dumtaxat
544 845 624 907 quae
647 829 764 889 natura
785 825 886 910 longa
907 825 1019 904 fuerit,
1049 823 1136 887 illius
1158 824 1265 905 prima

234 909 360 992 syllaba
382 911 417 973 in
440 909 530 973 omni
552 930 644 973 cassu
667 910 809 973 acuenda
832 913 881 972 est
903 911 934 971 et
956 909 1100 992 reliquae
1121 907 1264 991 syllabae

234 994 317 1057 corri
342 993 461 1056 iantur.

353 1097 371 1139 e
394 1076 506 1140 datiuo
529 1080 634 1139 autem
658 1075 778 1158 plurali
800 1079 833 1139 ot
855 1075 997 1139 ablatiuo
1020 1074 1115 1139 multi
1138 1074 1265 1139 diuersa

234 1181 377 1238 sensere,
402 1161 540 1224 maxime
563 1181 636 1223 cum
658 1160 693 1222 in
716 1161 745 1224 is
766 1158 922 1241 syllabam
945 1160 1137 1226 terminatus
1153 1159 1261 1222 fuerit.

195 1263 220 1303 ro
235 1245 355 1306 etenim
380 1246 506 1307 ueteres
528 1244 635 1307 nostri
657 1263 717 1306 nos
739 1244 786 1306 ita
807 1242 1001 1318 docuerunt,
1025 1247 1062 1306 ut
1084 1242 1192 1306 nullus
1208 1240 1262 1306 ab·

233 1326 352 1390 latinus
381 1347 490 1390 cassus
518 1326 553 1388 in
575 1328 605 1390 is
627 1324 782 1409 syllabam
811 1327 1002 1389 terminatus
1031 1326 1263 1408 produceretur

233 1413 367 1492 excepto
391 1431 465 1473 cum
488 1430 546 1492 per
569 1409 630 1472 duo
652 1412 665 1473 i
688 1410 826 1492 scriptus
850 1413 934 1473 esset
953 1415 990 1472 ut
1009 1410 1130 1489 rodiiS,
1154 1411 1261 1488 copiis

231 1494 377 1575 paudite,
409 1493 565 1576 tractitia,
591 1493 725 1574 pladiia,
754 1493 856 1574 podiis
884 1497 917 1557 et
945 1493 1075 1556 ceteris:
1104 1495 1138 1555 at
1159 1494 1262 1573 sociis,

232 1577 335 1653 stolis,
363 1575 479 1658 yiobis,
509 1577 626 1655 modis,
656 1576 778 1660 umbro,
807 1578 912 1659 donis,
932 1576 1060 1658 populis
1081 1579 1114 1638 et
1137 1576 1263 1656 ceteris,

193 1677 220 1718 1³
234 1661 344 1722 omnia
369 1660 552 1722 huiusmodi
576 1659 674 1723 uerba
697 1658 838 1723 ablatiuo
863 1661 980 1741 corripi
1003 1680 1132 1741 semper
1148 1659 1263 1722 debere

234 1741 419 1805 censebant.
458 1747 599 1806 ceterum
628 1745 723 1806 nouis
753 1743 848 1806 scolis
871 1742 1176 1825 superuenientibus
1201 1742 1264 1805 alia

233 1826 397 1888 sententia
419 1846 457 1889 su
483 1827 619 1889 eruenit.
663 1824 775 1890 dicunt
798 1826 883 1889 enim
905 1825 1024 1906 nostri,
1054 1827 1136 1908 quod
1160 1825 1264 1889 omnis

233 1908 361 1972 datiuus
384 1912 418 1972 et
440 1848 601 1973 ailaaiuus
626 1930 732 1972 cassus
754 1908 888 1992 pluralis
910 1911 945 1973 in
967 1912 996 1973 is
1020 1908 1177 1991 syllabam
1201 1914 1265 1972 ter·

232 1993 377 2056 minatus
406 1991 523 2076 longus
551 2013 678 2075 semper
705 1998 822 2056 natura
850 1993 901 2055 sit.
941 1993 1016 2075 quid
1046 2013 1124 2074 ergo
1145 1991 1264 2055 facturi

194 2095 344 2139 norimus
374 2079 408 2139 et
435 2076 510 2159 quid
538 2096 694 2158 ponemus
725 2075 919 2139 discriminis
948 2078 1035 2140 inter
1062 2076 1155 2139 illum
1176 2075 1264 2138 abla-

232 2160 336 2222 tiuum
359 2159 533 2242 pluralem,
557 2160 611 2243 qui
634 2180 692 2242 per
711 2159 773 2223 duo
789 2160 996 2224 inecessario
1011 2159 1188 2241 productus
1204 2163 1263 2239 est,

233 2246 266 2304 et
288 2263 361 2304 eum
385 2263 480 2324 quern
498 2246 614 2305 natura
631 2243 727 2325 longa
743 2263 811 2306 esse
826 2244 951 2306 metrici
968 2241 1155 2306 affirmant?
1178 2242 1263 2306 hanc

234 2326 382 2407 regulam
405 2346 583 2407 ponamus,
606 2328 643 2389 ut
665 2325 769 2388 omnis
786 2325 911 2389 datiuus
926 2330 959 2389 et
974 2326 1139 2390 ablatiuus
1154 2346 1263 2389 cassus

231 2409 384 2490 pluralia,
408 2408 463 2490 qui
487 2409 520 2471 in
544 2410 573 2472 is
596 2408 754 2504 syllabam
776 2409 983 2489 terminatur,
1008 2410 1036 2472 si
1058 2409 1093 2472 in
1114 2410 1263 2472 nomina-

193 2509 218 2549 ns
233 2492 301 2554 tiuo
324 2512 417 2555 cassu
441 2495 517 2555 ante
539 2493 750 2556 nou1ssimam
773 2492 930 2575 syllabam
952 2495 966 2557 i
987 2492 1143 2574 producta
1166 2492 1264 2556 fuerit

232 2578 269 2637 ut
282 2575 386 2656 filius,
408 2575 552 2656 piadiue,
574 2575 701 2657 potius,
722 2575 810 2658 filia,
832 2576 954 2658 picria,
977 2577 1154 2657 sapientia,
1177 2575 1264 2639 abla-

231 2658 320 2721 tiuus
349 2677 457 2721 cassus
485 2659 538 2721 uel
566 2658 695 2721 datiuus
717 2657 851 2741 pluralis
875 2660 937 2722 duo
959 2661 973 2723 i
995 2680 1123 2741 semper
1146 2659 1264 2723 habeat

232 2746 265 2805 et
292 2741 450 2822 producte
479 2741 604 2805 dicatur
636 2741 728 2824 ytiiis,
760 2742 895 2824 yiodiis,
927 2744 1050 2826 pobiis,
1082 2744 1261 2823 sapientiis,

228 2825 359 2904 pieriis,
382 2825 539 2907 brachiis,
553 2825 702 2920 yacdiiS,
719 2825 871 2889 colludiis.
905 2827 933 2890 si
948 2846 1025 2890 uero
1042 2826 1264 2890 nominatiuus

192 2925 218 2966 ao
233 2927 342 2970 cassus
357 2908 371 2971 i
387 2911 464 2970 ante
487 2908 696 2970 nouissimam
719 2906 875 2990 syllabam
899 2929 965 2972 non
987 2908 1140 2972 habuerit
1162 2912 1194 2972 et
1209 2909 1263 2972 ab·

236 2989 353 3054 latiuus
376 3011 488 3054 cassus
511 2989 562 3054 uel
586 2989 713 3054 datiuus
736 2991 769 3053 in
791 2992 821 3055 is
841 2991 940 3056 fuerit
962 2992 1170 3074 terminatus,
1194 3012 1260 3056 non

232 3072 358 3138 duobus
380 3075 410 3154 i,
435 3073 490 3136 sed
513 3073 641 3158 uirgula
662 3076 791 3137 tantum
811 3078 868 3137 aut
881 3076 951 3140 solo
967 3097 1047 3140 sono
1063 3081 1263 3159 accentuqua

232 3156 446 3238 producemus
475 3156 534 3222 hos
557 3157 697 3239 plurales
720 3177 827 3221 cassus
850 3158 913 3223 hoc
941 3161 1055 3241 modo,
1085 3164 1120 3223 ut
1148 3160 1261 3239 brucis,

232 3381 314 3460 *1
334 3371 444 3426 fuerint
465 3371 500 3426 N
513 3373 523 3440 l
540 3377 556 3425 2
574 3373 766 3429 nominativus
789 3374 823 3428 N
832 3377 870 3444 113
890 3376 994 3428 acuata
1010 3375 1045 3428 Ν
1059 3389 1128 3433 corr.
1146 3375 1211 3430 Mai
1223 3377 1263 3444 l8

232 3459 294 3509 dtm
312 3456 346 3510 N
355 3457 366 3523 ΙΙ
381 3461 410 3508 11
430 3453 474 3520 bis
491 3455 526 3509 N
535 3457 545 3523 ΙΙ
560 3462 590 3508 12
609 3456 717 3525 scripta
733 3456 767 3511 N
776 3459 787 3526 ll
799 3464 832 3513 23
851 3473 947 3511 ornnes
964 3458 998 3512 N
1008 3460 1018 3527 ΙΙ
1031 3462 1064 3512 16
1081 3458 1267 3512 ablativosN

233 3525 247 3593 ΙΙ
263 3529 295 3576 aa
324 3518 448 3576 btichiis
470 3521 505 3576 N
519 3523 529 3590 ΙΙ
546 3521 667 3576 cunudir
689 3523 724 3577 N
743 3525 837 3594 (amm
857 3525 890 3580 ia
912 3530 1010 3595 toury.)
1033 3540 1104 3580 corr.
1121 3525 1187 3579 Mai
1202 3528 1213 3594 ΙΙ
1229 3531 1262 3580 32

231 3591 301 3642 sonu
320 3589 354 3642 N
363 3590 374 3658 ll
387 3589 450 3644 33f.
469 3588 572 3643 braciis
590 3587 693 3658 globiis
710 3591 749 3647 N.
