3210 4162
781 311 830 370 ru.
856 310 1056 367 usurario.
1376 313 1435 381 135

407 467 473 530 sint
494 469 527 530 et
548 463 667 542 clarae,
691 463 756 528 nisi
769 466 880 528 temen
898 463 1033 528 uerbum
1049 463 1206 543 adfuerit,
1230 464 1436 529 infirmantur

407 553 439 615 et
459 549 692 614 nullificantur.
727 546 813 612 unde
835 552 869 612 et
889 551 993 613 status
1008 547 1099 612 uerbi
1115 570 1135 613 a
1149 548 1317 613 nonnullis
1332 549 1436 614 uirtus

407 637 624 716 nuncupatur.
659 631 743 716 quod
772 631 976 696 uerissimum
1005 635 1069 716 est,
1098 632 1174 716 quia
1202 636 1235 696 et
1256 633 1436 698 testimonii

407 719 511 783 uirtus
533 718 568 781 in
590 715 768 780 indioatiuo
791 715 844 780 uel
865 716 1060 800 imperatiuo
1077 717 1130 780 uel
1144 716 1283 781 maxime
1297 717 1438 782 traditur

406 803 516 880 modo,
547 801 603 885 qui
633 799 695 864 duo
723 800 758 864 in
784 801 875 864 uerbi
904 801 1050 864 oratione
1078 801 1256 865 firmissimi
1285 800 1460 866 diounturo

406 885 504 951 modi.
548 883 679 967 quidam
714 886 832 948 statum
862 884 955 947 uerbi
984 884 1073 948 huno
1102 905 1171 949 esse
1201 884 1328 963 dieunt,
1363 905 1436 950 oum

407 970 510 1034 solum
539 968 674 1032 uerbum
701 966 771 1032 sine
799 966 865 1030 ullo
888 966 1019 1032 alterius
1042 969 1144 1052 partis
1167 969 1326 1033 orationis
1349 968 1437 1033 adiu-

406 1056 517 1117 mento
541 1050 678 1116 edicitur
705 1054 743 1115 ut
770 1054 820 1115 est
848 1051 912 1134 uuo
942 1051 996 1115 uel
1018 1053 1087 1116 dico
1110 1051 1164 1116 nel
1186 1053 1265 1117 diui.
1303 1053 1437 1135 quodsi

407 1140 470 1219 est,
493 1134 550 1199 ubi
573 1134 678 1199 uirtus
700 1134 882 1231 apparebit,
912 1136 939 1198 si
963 1155 1060 1218 agere
1083 1135 1218 1199 uerbum
1241 1135 1346 1199 uisum
1369 1156 1437 1199 non

407 1218 532 1284 fuerit?
573 1218 676 1282 uirtus
707 1239 793 1282 enrm
821 1217 912 1281 uerbi
941 1219 1041 1282 uotiui
1070 1239 1137 1282 non
1167 1219 1203 1283 in
1224 1218 1286 1283 hoo
1307 1222 1436 1283 tantum
1450 1243 1475 1282 ro

406 1301 1436 1470 tribututititttbttmttttstituit·

492 1469 542 1533 De
569 1471 632 1533 hoe
660 1434 748 1532 statu
776 1469 894 1534 librum
919 1468 1190 1552 eligantissimnm
1212 1490 1311 1552 supra
1334 1469 1437 1534 dietus

407 1552 620 1619 Cornilius
635 1551 745 1634 edidit,
761 1573 856 1635 quem
871 1552 898 1616 si
914 1552 1083 1616 uolueritis
1099 1552 1216 1636 legere,
1233 1554 1267 1616 in
1283 1556 1437 1636 promptu

406 1637 543 1702 habetis.
580 1657 618 1700 ex
648 1657 711 1718 quo
734 1657 834 1700 unum
857 1639 986 1700 tantum
1009 1657 1135 1700 sumam
1156 1637 1307 1715 uerbum,
1338 1639 1437 1701 immo
1451 1657 1477 1698 ru

407 1742 446 1784 ex
469 1720 569 1784 uerbo
592 1719 788 1802 capitulum,
812 1719 846 1783 in
870 1740 934 1803 qno
958 1722 1061 1783 status
1084 1719 1174 1783 uerbi
1198 1719 1367 1784 euidenter
1382 1741 1437 1803 ap-

406 1808 527 1889 pareat.
566 1823 667 1887 quure
689 1803 734 1866 ait
754 1807 857 1868 status
879 1804 1021 1879 dicutur,
1045 1803 1203 1885 iuteiiepe:
1225 1805 1304 1885 quio
1319 1805 1357 1868 iu
1365 1805 1438 1886 pri-

406 1891 733 2039 tduttatttttt
761 1886 1439 2036 ttttttttt.ittttttttt

406 2057 476 2121 ideo
509 2025 736 2137 uppeduuduru
763 2058 897 2136 putant,
933 2055 1012 2135 quia
1044 1990 1179 2118 ue'rbiuu
1208 2075 1268 2135 per
1296 2055 1476 2119 ordinemne

407 2139 604 2204 decidantur:
632 2157 702 2202 eum
731 2137 815 2202 euim
837 2137 917 2201 dieis
939 2141 1071 2218 statum,
1102 2156 1167 2202 unu
1191 2157 1228 2202 eu
1251 2137 1315 2202 ulio
1337 2137 1438 2219 modo,

403 2227 532 2306 praeter
560 2241 659 2303 quum
686 2224 750 2286 stut
774 2221 826 2284 uel
846 2224 1025 2305 suuuur,
1055 2220 1194 2302 iuteiiepi
1215 2221 1310 2286 debet.
1355 2221 1439 2285 uude

407 2312 436 2371 et
461 2325 557 2387 super
583 2309 670 2369 statu
696 2304 835 2369 dominis
861 2304 918 2367 boe
946 2305 1095 2386 dicimus,
1124 2306 1210 2385 quod
1235 2305 1326 2369 bomo
1348 2306 1385 2368 iu
1406 2324 1438 2368 eo

408 2390 493 2471 quod
525 2389 672 2469 eoeperit,
700 2390 942 2470 perseueruuter
970 2392 1056 2452 sture
1085 2389 1246 2453 uideatur.
1292 2388 1378 2451 siout
1406 2390 1439 2450 et

408 2472 598 2556 Origines
621 2469 797 2535 Africanus
825 2470 859 2534 in
881 2469 1020 2553 quodam
1044 2470 1210 2535 uolumine
1232 2490 1330 2554 super
1352 2472 1438 2534 statu
1451 2501 1477 2541 25

407 2556 550 2622 hominis
573 2554 659 2620 edito
690 2553 845 2619 statutus
868 2560 932 2618 est:
955 2555 1092 2620 bomiuis
1113 2555 1266 2638 inquiens
1287 2555 1440 2620 statura·

407 2643 443 2706 iu
466 2645 549 2724 cepto
566 2644 770 2723 permaueut,
799 2638 882 2703 utuu
902 2639 1125 2705 iustubditutir
1146 2638 1287 2718 iubebit,
1316 2640 1371 2702 sed
1391 2639 1439 2702 iu·

407 2724 568 2790 motabilis
590 2723 820 2805 quodammodo
842 2726 871 2785 et
892 2726 1039 2786 ueteruuo
1062 2721 1295 2787 aestimabitur.

494 2807 590 2872 Hune
619 2805 688 2870 Ori
723 2805 826 2869 inem
863 2825 935 2867 curn
967 2803 1107 2868 Romani
1141 2805 1288 2888 legerent
1320 2803 1439 2889 (fidelis

408 2891 472 3037 pisi
502 2892 578 3036 (huia
603 2825 736 3033 gentilite
759 2888 842 3033 eplat)
864 2888 951 2951 inter
972 2887 1116 2951 fidelium
1139 2887 1240 2951 libros
1263 2886 1438 3033 suseipbipp-
1452 2916 1478 2956 u

430 2996 483 3039 um
535 2992 734 3037 eereuerun.
800 2992 865 3035 uno
893 2991 969 3035 nem
993 2992 1033 3034 ue
1063 2991 1187 3034 morem
1218 2990 1257 3034 ex
1287 2993 1305 3033 a
1330 2990 1366 3033 os
1414 2992 1440 3033 1·

408 3079 518 3122 eorum
541 3054 735 3121 anctoritate
763 3055 911 3118 uirorum
933 2992 1084 3117 udmana
1106 3055 1213 3118 tenuit
1235 3073 1272 3117 ao
1296 2992 1441 3116 siruauit

410 3140 559 3217 ecelesia,
583 3143 620 3204 ut
642 3138 892 3203 christianorum
915 3136 990 3200 libn'
1012 3136 1283 3220 philosophorum
1306 3136 1439 3219 repositi

408 3248 428 3290 a
461 3224 633 3309 gentilium
669 3222 797 3305 seriptis
830 3221 1038 3286 haberentur.
1088 3242 1160 3285 oum
1193 3220 1280 3285 enirn
1310 3241 1440 3285 neeesse

408 3309 568 3373 haberent
595 3307 743 3371 homines
772 3306 805 3368 in
829 3305 1017 3368 liberalibus
1040 3304 1214 3394 saecularis
1237 3305 1439 3369 litteraturae
1452 3335 1477 3378 εὖ

478 3508 522 3563 ef.
542 3507 641 3577 quodsi
659 3507 710 3561 ubi
728 3507 772 3560 est
788 3505 822 3560 N
831 3505 841 3572 ΙΙ
853 3510 887 3559 26
906 3503 1029 3572 Originis
1046 3505 1081 3559 N
1090 3505 1099 3572 l
1113 3510 1146 3558 29
1164 3503 1264 3558 fideles
1281 3503 1316 3558 N
1324 3504 1335 3572 l
1347 3511 1381 3559 33
1398 3519 1440 3556 se·

408 3575 496 3646 positi
512 3575 613 3630 Maius
630 3575 662 3628 iu
676 3573 773 3641 primu
792 3573 920 3628 editione.
