3210 4162
741 292 789 351 111.
816 293 865 348 os
883 291 1016 349 suaso.
1330 295 1391 360 137

361 443 425 507 rito
447 445 560 523 uicice‘;
583 447 617 508 et
639 444 685 508 sic
701 446 800 510 dicico
816 449 849 510 et
863 446 982 524 dicei,
1007 444 1108 528 saepo
1124 448 1157 510 et
1172 446 1286 528 tepepi:
1308 445 1392 528 quod

361 527 459 591 ctiam
482 528 517 591 in
537 527 664 610 primae
679 529 918 613 coniugationis
934 529 1187 594 commentatiuo
1203 529 1282 593 licet
1296 527 1392 593 modo

360 610 469 674 uerbis
482 615 645 676 conantur
660 617 805 677 astruere
820 616 857 677 ut
870 633 929 696 pro
944 614 1071 679 clamito
1087 622 1119 678 et
1132 615 1235 679 uocito
1250 613 1393 677 babeant

360 695 516 761 clumamo
532 700 710 776 stomaco,
734 697 828 762 etsie
844 697 1021 762 secundum
1036 698 1248 781 praeteritum
1263 702 1392 781 tempus

359 781 559 846 clamamuui
581 786 614 846 et
634 784 799 847 uccacuui.
835 782 919 865 quod
942 783 1019 864 quia
1041 782 1132 845 nulla
1154 783 1293 848 ueritate
1319 782 1392 846 sub·
1417 801 1431 842 s

360 864 473 927 nixum
501 867 599 946 atque
627 865 795 928 suffultum
823 867 892 946 est,
921 886 989 928 non
1019 865 1060 929 ad
1084 865 1314 930 auctoritatem
1336 865 1392 928 sed

360 946 401 1011 ad
424 947 671 1030 ambiguitatem
695 948 899 1013 scribendum
922 953 981 1012 est.

446 1027 560 1095 Solent
588 1034 701 1096 tamen
727 1032 833 1096 nostri
860 1053 943 1115 pene
973 1052 1085 1096 omnes
1113 1032 1150 1094 in
1171 1031 1238 1096 suis
1262 1031 1392 1114 scriptis

361 1117 393 1177 et
420 1134 518 1197 saepe
545 1113 646 1178 uerba
675 1136 860 1196 conserere,
891 1136 973 1198 quae
1001 1115 1120 1178 uitioso
1143 1119 1301 1179 consuetu
1325 1120 1391 1178 tem

360 1219 379 1260 a
408 1197 572 1262 ueteribus
600 1219 697 1280 quam
726 1199 825 1263 etiam
853 1221 873 1262 a
900 1197 1085 1263 recentibus
1107 1199 1320 1281 scriptoribus
1342 1199 1390 1262 in·
1405 1217 1430 1257 ro

360 1285 447 1345 serta
469 1284 561 1358 sunt,
585 1283 704 1346 multas
720 1287 757 1346 ut
773 1303 846 1348 reor
862 1282 903 1346 ob
918 1303 1046 1346 causes:
1070 1282 1139 1345 siue
1154 1283 1241 1346 enirn
1257 1285 1392 1366 propter

359 1365 464 1448 ipsam
493 1365 632 1511 plilium,
664 1370 701 1429 ut
728 1365 852 1432 scilicet
879 1364 1013 1430 lectores
1041 1364 1227 1449 inpediant;
1262 1367 1331 1431 siue
1357 1370 1393 1430 ut

360 1450 492 1513 ueniabi
507 1450 557 1512 ius
580 1470 634 1513 eos
657 1471 825 1515 excussum
840 1454 973 1533 propter
988 1448 1191 1514 difficultatis
1205 1471 1392 1532 pensuram,

360 1532 411 1596 uel
442 1536 528 1596 certe
557 1535 594 1596 ut
622 1533 684 1597 hac
712 1533 904 1598 difficultate
928 1532 1129 1597 audientium
1152 1553 1191 1596 ac
1213 1533 1392 1628 legentium

362 1616 489 1681 animos
511 1615 661 1680 incitent.
699 1620 733 1681 et
754 1617 818 1680 hoc
840 1616 935 1679 modo
953 1636 1027 1680 cum
1043 1638 1062 1680 a
1077 1615 1273 1679 doctissimls
1288 1618 1392 1680 nostri
1407 1632 1432 1674 1⁵

360 1700 514 1782 temporis
543 1700 709 1783 magistris
737 1699 818 1764 baec
845 1703 999 1782 usurpate
1026 1702 1118 1778 sunt,
1148 1720 1216 1763 non
1246 1699 1393 1763 solumu

359 1780 586 1865 praesentibus
609 1783 823 1865 scriptoribus
846 1781 937 1847 uelut
959 1782 997 1846 ad
1021 1782 1239 1846 indubitatam
1255 1782 1393 1847 auotori-

360 1870 477 1948 tatem‚
506 1887 618 1929 uerum
648 1868 746 1930 etiam
775 1888 795 1931 a
821 1867 960 1950 posteris
982 1866 1209 1948 suscipientur.
1255 1867 1339 1930 sicut
1357 1866 1391 1929 in

359 1949 445 2014 libro
474 1949 670 2034 ralangis
699 1950 865 2014 cuiusdam
887 1948 1155 2015 Lacedaemonici
1181 1949 1246 2013 uiri
1273 1951 1392 2014 lectum

361 2038 410 2097 est
440 2035 594 2113 scripsero
601 2057 613 2112 ;
646 2035 731 2116 quod
764 2034 805 2098 ad
833 2034 957 2118 primae
986 2034 1228 2116 coniugationis
1255 2034 1391 2098 uerbum
1405 2049 1430 2089 20

360 2117 522 2199 pertinere
550 2137 570 2178 e
597 2117 767 2181 nonnullis
795 2121 945 2199 putatum
974 2121 1038 2193 est,
1091 2116 1145 2179 uia
1166 2116 1293 2180 scilicet
1314 2119 1393 2180 tem·

360 2200 447 2284 poris
480 2200 582 2265 futuri
615 2200 882 2265 coniunctionem
914 2200 1001 2263 modi
1033 2138 1203 2263 inticstiui
1237 2199 1393 2294 temporis

359 2285 540 2367 praesentis
569 2284 641 2348 loco
676 2285 816 2367 scriptor
849 2284 995 2366 inposuit
1028 2283 1154 2346 dicens:
1190 2283 1267 2348 buce
1294 2283 1392 2362 uobis,

361 2369 472 2445 omia,
507 2370 604 2448 quasi
631 2369 747 2450 popuii
780 2369 841 2432 mei
873 2367 966 2448 filiis,
1000 2366 1166 2448 dilipeuter
1198 2367 1333 2430 mundo
1365 2370 1394 2429 ct

359 2453 523 2532 scripsero.
568 2472 675 2532 neque
706 2450 793 2514 euim
825 2449 1017 2514 credendum
1047 2453 1097 2513 est
1125 2449 1258 2513 doctum
1286 2449 1392 2513 uirum
1406 2460 1431 2501 2⁵

361 2535 480 2620 (aiunt)
510 2557 584 2598 cum
613 2534 830 2617 copulatiuam
861 2533 1126 2598 coniunctionem
1152 2532 1391 2616 interposuerit,

361 2640 428 2683 non
456 2618 518 2684 duo
547 2619 733 2702 praesentia
761 2620 860 2682 uerba
882 2616 1095 2682 conaffixisse.
1135 2617 1220 2681 unde
1243 2615 1393 2680 etmulti

360 2705 545 2765 nostrorum
568 2702 708 2766 maxims
732 2700 900 2765 Gallorum
930 2703 990 2764 hcc
1012 2700 1146 2763 uerbum
1170 2700 1293 2782 primae
1317 2719 1393 2761 con·

360 2785 536 2868 iugationis
561 2806 629 2849 esse
652 2785 845 2867 opinantur,
869 2788 907 2847 ut
929 2785 1039 2847 dicent
1060 2803 1135 2866 sepe
1150 2783 1346 2863 scripserant
1361 2785 1394 2845 et

360 2870 556 2950 scripserabo
585 2890 622 2932 ac
650 2871 844 2951 scripseram
866 2872 899 2930 et
921 2871 1036 2932 cetera.
1073 2868 1120 2929 sic
1144 2867 1242 2930 etiam
1265 2865 1300 2928 in
1322 2864 1392 2946 qui·
1406 2877 1432 2918 ³⁰

362 2952 496 3015 busdam
509 2951 715 3017 Gallorum
730 2952 918 3015 nostrorum
933 2949 1062 3033 scriptis
1078 2950 1261 3012 inuenimus
1278 2967 1391 3029 canuc,

362 3057 434 3098 curn
457 3057 517 3099 nos
540 3055 620 3100 cauo
643 3035 784 3099 scribere
807 3055 1009 3098 consuemus.
1047 3033 1187 3115 denique
1205 3031 1393 3095 Bientius

362 3118 491 3202 quidem
532 3119 740 3201 epistolarem
780 3138 932 3182 exercens
969 3138 1102 3181 manum
1137 3115 1258 3180 talibus
1291 3115 1395 3179 utitur

433 3359 444 3406 1
463 3352 566 3424 vinciei
583 3351 618 3406 N
635 3353 646 3420 ll
672 3357 702 3405 13
721 3350 787 3406 veni
809 3350 846 3404 ab
868 3348 944 3402 illius
961 3349 996 3403 N
1013 3350 1024 3417 ΙΙ
1046 3354 1078 3404 15
1095 3347 1208 3402 animus
1224 3346 1260 3424 N
1276 3338 1294 3415 ΙΙ’
1310 3352 1341 3400 17
1353 3345 1396 3398 in·

362 3421 490 3475 dubitem
509 3420 542 3474 N
552 3419 562 3488 ΙΙ
578 3426 608 3474 18
626 3418 760 3487 posteriis
777 3416 811 3471 N
827 3416 1041 3484 corr.Mail19
1061 3415 1259 3470 lacedominicr
1276 3413 1311 3468 N
1323 3428 1394 3468 corr.

362 3489 425 3543 Mai
441 3489 451 3556 l
469 3493 501 3541 27
521 3485 693 3541 conufecisse
711 3486 746 3540 N
771 3481 950 3538 conal'fixisse
967 3497 1037 3538 corr.
1052 3481 1155 3538 Παντεῖ
1167 3484 1178 3551 ΙΙ
1190 3481 1347 3535 multorum
1363 3479 1397 3534 N

362 3571 432 3610 corr.
449 3553 514 3609 Mai
526 3555 536 3622 ll
549 3559 582 3607 32
600 3553 696 3618 hanno
714 3526 753 3609 N
