3210 4162
316 310 378 373 174
547 307 701 364 Vmemu
718 308 885 365 MARONIS
902 307 1113 367 EPISTULAE.

315 483 412 544 quam
442 460 616 524 necessarii
643 464 776 544 propter
803 463 945 544 tegenda
972 461 1118 526 misteria
1147 465 1180 526 et
1229 466 1340 546 ropter

314 547 570 626 experimentum
592 545 755 608 docendae
775 543 870 608 huius
884 545 1067 609 latinitatis.
1104 543 1185 609 haec
1200 485 1239 609 <le
1253 546 1340 610 inus·

313 629 417 692 sitatis
439 627 734 711 praepositionibus
750 627 836 691 dicte
850 628 1031 709 sufficient3
1053 649 1141 693 nunc
1156 629 1197 692 ad
1211 634 1340 694 nostres

313 711 480 776 redeamus
503 731 586 793 quae
608 711 644 773 in
666 732 725 774 usu
746 732 872 793 semper
894 717 981 776 sunt.

286 821 300 860 s
398 794 498 873 Nulla
519 794 716 877 praepositio
737 793 849 858 debuit
868 796 905 858 in
927 794 1074 871 dfiuire‚
1097 794 1161 858 nisi
1176 796 1262 878 quod
1277 817 1337 859 nos

312 878 486 943 necessitas
510 878 598 962 cogit
626 877 909 943 discernendorum
930 880 1041 961 utique
1062 877 1214 942 sonorum
1237 879 1337 943 meio-

311 983 384 1026 rum
413 962 494 1026 scita
522 962 715 1046 transgredi.
751 983 828 1025 nam
851 963 927 1045 quia
949 962 1137 1026 aduerbium
1159 964 1195 1025 in
1217 967 1230 1025 t
1252 963 1338 1026 exire

313 1046 528 1110 certissimum
552 1048 601 1109 est
623 1047 676 1109 uel
697 1047 969 1124 coniunctionem,
1000 1056 1037 1110 ut
1058 1047 1110 1125 od,
1135 1047 1281 1129 cogimur
1303 1047 1338 1110 in

310 1129 550 1212 praepositione
578 1128 761 1193 adscribere
788 1150 846 1211 per
868 1130 897 1192 d.
935 1150 1010 1192 nam
1034 1134 1069 1192 at
1090 1128 1262 1212 aliquoties
1285 1130 1338 1193 ad·

273 1241 297 1282 10
311 1212 459 1275 uerbium
486 1212 640 1293 temporis
667 1218 716 1275 est
741 1213 938 1295 praesentis,
969 1213 1060 1275 iuxta
1091 1210 1174 1275 illud
1201 1211 1338 1296 Uirgi·

310 1296 480 1360 lianum:
509 1300 545 1360 ot
564 1297 682 1377 perpete
704 1297 748 1360 ud
762 1295 1005 1377 proeliandum,
1034 1294 1069 1358 id
1091 1305 1141 1359 est
1161 1315 1248 1360 nunc
1261 1316 1337 1378 per-

308 1381 380 1462 pete.
420 1384 501 1460 opert
529 1383 638 1442 autem
660 1399 718 1462 per
740 1382 753 1441 t
774 1399 901 1461 semper
923 1379 1021 1443 scribi
1044 1379 1156 1442 debet:
1183 1378 1239 1442 sed
1262 1380 1337 1462 quia

310 1464 400 1544 apud
419 1485 549 1526 nomen·
561 1463 714 1526 scribitur
735 1462 881 1526 neutrale
903 1462 985 1546 ligni
1005 1461 1130 1526 scilicet
1148 1460 1249 1544 illius,
1272 1483 1337 1546 quo

309 1546 476 1610 tundenda
503 1567 649 1629 quaeque
676 1545 729 1609 uel
751 1549 856 1608 terrae
879 1546 1067 1609 iniectanda
1089 1544 1264 1622 feriuntur,
1291 1545 1336 1608 id·

272 1659 296 1699 15
310 1630 395 1694 circo
418 1633 497 1711 aput
518 1651 576 1712 per
597 1631 619 1694 d
640 1630 780 1693 scribere
801 1629 951 1693 solemus.

395 1712 485 1776 Inter
507 1715 552 1776 cis
574 1717 607 1776 et
628 1716 710 1778 citro
731 1711 794 1775 hoo
816 1712 969 1794 interest,
993 1711 1079 1793 quod
1101 1712 1146 1775 cis
1167 1710 1208 1774 ad
1229 1711 1336 1794 proxi-

309 1796 444 1858 miorem
466 1796 658 1878 interposito
680 1796 847 1858 dumtaxat
869 1799 979 1858 monte
1002 1795 1055 1858 uel
1078 1794 1226 1875 flumine,
1254 1796 1336 1859 citro

308 1900 387 1942 uero
415 1879 454 1942 ad
485 1879 665 1963 longiorem
693 1879 837 1960 pertinet
864 1879 986 1954 locum,
1017 1878 1103 1941 unde
1132 1880 1165 1940 et
1186 1879 1336 1941 citeriora

309 1967 342 2025 et
369 1962 521 2045 longiora
552 1963 711 2025 dicuntur.
748 1966 841 2026 trous
868 1982 944 2024 uero
966 1961 1007 2024 ad
1028 1964 1200 2042 utrumque
1222 1961 1336 2024 referri

270 2078 296 2116 20
309 2049 441 2128 potest,'
453 2045 530 2109 licet
553 2045 767 2126 motabiliter,
789 2045 852 2108 hoc
875 2049 924 2107 est
940 2048 974 2106 in
990 2044 1131 2108 transitu
1145 2047 1273 2107 tantum
1289 2044 1335 2107 sic

309 2128 496 2211 accipiatur.
532 2150 610 2191 nam
638 2128 830 2210 quicumque
859 2127 1000 2191 scribere
1029 2126 1082 2204 uel
1111 2127 1208 2190 etiem
1231 2127 1335 2190 dicere

308 2212 429 2275 audent
469 2213 593 2294 aliquos
630 2212 788 2278 dubitasse
824 2215 917 2275 trans
952 2231 1058 2290 mure,
1102 2230 1169 2273 non
1205 2210 1335 2274 incaute

307 2299 436 2358 tantum
459 2296 515 2359 sed
537 2296 676 2378 pessime
698 2317 735 2358 ac
756 2295 998 2377 peruersissime
1021 2295 1143 2357 dicunt.
1178 2295 1226 2357 ita
1248 2292 1335 2356 enim

308 2378 406 2442 ordiri
430 2378 525 2442 debet
548 2378 760 2458 sententiam,
783 2381 819 2440 ut
841 2376 966 2440 dicatur
989 2382 1081 2442 bons
1100 2396 1191 2442 mure
1210 2378 1336 2442 uadunt

268 2492 294 2532 25
307 2461 359 2526 uel
381 2465 534 2540 uenient;
561 2462 710 2527 babitaret
731 2465 836 2527 autem
860 2462 906 2525 cis
926 2481 1018 2526 more
1038 2460 1090 2525 uel
1112 2463 1204 2525 citro.
1249 2461 1335 2524 iuter

306 2546 394 2610 selba
416 2548 450 2608 et
471 2546 554 2609 eitra
575 2566 641 2608 non
664 2565 764 2626 parua
785 2544 941 2608 distantia
957 2549 1021 2608 est:
1044 2564 1120 2606 nam
1136 2546 1219 2608 citro
1235 2545 1333 2607 etiam

306 2628 428 2692 montis
456 2629 510 2691 uel
537 2627 679 2690 fluminis
707 2627 879 2690 interiectu
907 2627 969 2690 dici
992 2630 1116 2710 potest3
1145 2628 1233 2692 ultro
1255 2647 1333 2689 uero

306 2712 346 2774 ad
381 2711 495 2774 ultima
528 2711 580 2774 uel
612 2711 828 2774 remotissima
861 2712 933 2774 loca
966 2711 1019 2774 uel
1051 2709 1178 2772 deserta
1208 2729 1334 2793 semper

306 2794 456 2858 refertur.
493 2795 580 2857 iuter
610 2795 726 2874 absque
755 2798 788 2858 et
816 2794 884 2858 stuc
912 2793 997 2856 hano
1019 2797 1145 2856 ueteres
1167 2794 1334 2875 ponebant

267 2906 293 2946 ao
307 2878 550 2956 discretionem,
588 2878 671 2960 quod
703 2880 771 2942 siue
805 2897 931 2960 semper
964 2877 999 2940 in
1033 2877 1153 2940 bonam
1186 2876 1334 2940 ferebant

306 2967 446 3042 partem,
469 2962 586 3041 absque
602 2963 709 3024 autem
723 2962 758 3024 in
774 2960 908 3042 malam,
928 2963 965 3022 ut
979 2961 1047 3024 stne
1055 2963 1198 3040 peccato,
1217 2961 1334 3041 absque

305 3045 476 3126 sordentia.
510 3044 566 3107 sed
588 3044 650 3107 hoc
673 3045 957 3107 obseruamentum
979 3043 1141 3125 utrimque
1162 3043 1333 3106 confusum

306 3133 364 3191 est.
402 3148 469 3190 non
499 3130 606 3191 autem
634 3128 712 3190 satis
735 3131 858 3191 certum
881 3130 930 3190 est
952 3131 1139 3189 utrumnam
1161 3130 1333 3208 utrumque

305 3214 440 3293 utroque
463 3209 527 3273 dici
550 3210 654 3293 possit
674 3211 786 3292 mode,
809 3232 850 3273 an
874 3210 982 3292 potius
1005 3210 1201 3292 scriptorum
1225 3229 1332 3273 erroro

307 3348 510 3357 ——n—-0

373 3433 389 3481 3
408 3425 505 3481 nostris
519 3425 553 3481 N
562 3428 599 3496 ll
618 3429 648 3480 te
666 3426 699 3478 N
708 3428 718 3494 l
731 3432 761 3480 11
782 3441 815 3480 ac
832 3424 867 3479 N
881 3441 950 3480 corr.
968 3425 1034 3480 Mai
1046 3427 1056 3494 ΙΙ
1072 3431 1102 3480 18
1120 3425 1258 3479 eeteriora
1276 3423 1310 3478 N
1316 3424 1330 3493 Η

305 3493 622 3627 llllffilllileg'bfp.auca
640 3495 699 3548 Mei
712 3496 766 3561 1131
785 3493 830 3563 ut]
852 3497 881 3547 et
899 3492 998 3560 Ν1134
1015 3495 1184 3560 scriptorum
1204 3497 1234 3558 [u
1253 3507 1287 3546 ex
1304 3492 1331 3558 e)
