3210 4162
770 324 817 384 ΙΙΙ,
845 324 894 379 DE
911 324 1045 383 UERBO.
1359 328 1420 392 149

388 497 502 540 sensus
524 477 576 541 uel
593 477 764 560 explentur
778 475 831 540 uel
846 476 1058 541 inmotentur.
1092 476 1265 561 explentur
1281 477 1420 563 quidem,

388 581 461 624 cum
491 582 549 644 per
571 560 658 625 hanc
679 561 856 645 figurarum
880 562 1134 645 assumptionem
1157 561 1366 645 perfectiores
1388 567 1421 627 et

388 645 552 728 pleniores
581 645 760 709 redduntur
788 646 983 722 sententiae,
1016 646 1108 709 uelut
1134 645 1163 709 si
1186 646 1329 712 dicamus
1352 649 1420 713 dico

386 730 531 813 perdica,
565 731 654 796 docco
679 730 843 812 perdooeo,
876 729 961 810 facio
990 732 1134 813 perficio.
1176 732 1245 797 dico
1273 733 1360 796 enim
1389 736 1422 795 et

280 895 281 907 ἶ
388 817 480 880 doceo
509 817 541 878 et
565 816 654 895 focio
682 815 780 879 etiam
808 815 848 878 ab
877 815 1063 898 incipiendo
1091 821 1231 898 possunt
1258 816 1420 900 intellegi:
1446 831 1459 872 ⁵

392 920 464 962 cum
488 899 594 960 autem
619 897 758 962 docendi
781 901 838 961 aut
860 898 988 961 dicendi
1012 900 1160 980 operisue
1182 898 1323 963 faciendi
1346 899 1421 962 finis

389 981 577 1061 aduenerit,
600 984 679 1045 tunc
715 1002 749 1046 er
768 981 965 1064 conpossitio
982 980 1089 1045 addici
1103 985 1222 1064 potest.
1255 986 1422 1046 motantur

389 1085 466 1128 uero
485 1085 599 1128 sensus
614 1086 672 1147 per
687 1003 747 1128 has
762 1066 1032 1150 subfigurationes
1047 1065 1208 1147 duplicem
1225 1068 1265 1129 ob
1282 1087 1421 1143 causam,

389 1149 443 1212 uel
472 1153 608 1231 propter
635 1149 880 1212 distructionem
908 1149 961 1212 uel
988 1150 1123 1232 propter
1151 1150 1420 1213 aedificationem.

390 1232 594 1295 distruuntur
616 1232 746 1315 quidem
768 1254 841 1296 cum
857 1232 945 1296 dic‘cs
961 1233 1080 1314 disnpo
1093 1231 1146 1296 uel
1161 1234 1320 1311 discreclm·
1342 1232 1422 1295 illud
1435 1247 1460 1286 10

392 1316 432 1379 ad
456 1315 541 1398 sepis
564 1315 827 1396 distructionem,
850 1317 910 1379 hoc
934 1316 973 1378 ad
997 1314 1256 1380 incredulitatem
1279 1317 1420 1399 respicit.

390 1400 603 1463 aedificantur
625 1403 733 1463 alitem
756 1421 827 1464 cum
851 1399 931 1464 dicis
953 1402 1081 1480 coasipo
1102 1402 1136 1463 et
1149 1400 1315 1478 coaoredo;
1337 1401 1422 1482 quod

393 1484 481 1546 enim
497 1482 565 1545 illio
580 1483 772 1562 distraxisti,
793 1482 847 1546 hic
860 1483 1040 1547 reedificas.
1073 1487 1305 1565 conponuntur
1325 1483 1422 1546 etiam

393 1566 495 1630 uerba
511 1570 644 1648 propter
658 1570 833 1629 metrorum
849 1571 887 1630 ut
901 1565 1039 1628 diximus
1053 1567 1324 1648 conpositionem,
1340 1565 1423 1629 sicut

393 1651 428 1713 in
459 1669 555 1713 uersu
585 1649 726 1733 quodam
755 1649 871 1713 Graeci
904 1649 1042 1713 oratoris
1070 1648 1209 1734 legimus
1237 1649 1301 1714 hoc
1327 1649 1422 1712 modo
1436 1663 1460 1702 1⁵

392 1733 547 1797 dicentis:
581 1734 662 1797 bello
691 1732 859 1799 Gallorum
888 1736 948 1798 toto
977 1739 1151 1798 concesserit
1177 1735 1214 1797 in
1246 1735 1326 1798 orbe.
1370 1733 1422 1795 hio

393 1816 479 1879 enim
504 1835 562 1881 oon
580 1815 665 1878 nihil
680 1816 720 1879 ad
737 1837 867 1880 sensum
882 1816 1021 1898 addidit,
1043 1817 1277 1899 propterquod
1293 1837 1421 1880 uersum

391 1904 520 1964 tantum
543 1899 700 1982 expleuit.
739 1902 819 1964 haec
834 1900 873 1963 de
887 1899 1001 1984 figuris
1018 1900 1136 1965 dixisse
1152 1900 1308 1983 sufficiat,
1331 1920 1422 1982 prae·

391 1984 503 2047 sertim
533 2003 605 2048 cum
629 1985 663 2046 in
687 1985 899 2066 epitomarum
922 1982 1089 2066 praedicto
1113 2004 1211 2067 opere
1233 1983 1422 2069 diligentius

391 2068 430 2130 de
455 2069 475 2129 fi
502 2067 567 2131 uris
590 2065 747 2150 quaedem
769 2067 954 2131 dixerimus.
1433 2082 1459 2120 20

479 2170 576 2214 runc
599 2149 639 2212 ad
662 2149 961 2214 annumerationem
977 2149 1158 2213 ueniamus.
1195 2149 1290 2212 multi
1305 2152 1423 2232 putent

391 2232 588 2315 simplicium
610 2235 804 2316 scriptorum
825 2232 910 2296 hanc
930 2232 1234 2297 connumerationem
1250 2232 1422 2296 uerborum

392 2318 526 2380 eandem
561 2337 631 2380 esse
665 2337 761 2399 quam
791 2321 824 2381 et
851 2337 1021 2379 numerum
1051 2317 1151 2380 uerbo
1181 2319 1268 2379 inter
1298 2320 1422 2399 septem

392 2402 527 2464 usitatas
556 2400 680 2483 species
708 2400 922 2481 accidentem,
950 2399 1006 2463 ssd
1028 2420 1088 2462 nos
1111 2400 1199 2462 hunc
1220 2398 1422 2462 intellectum

390 2483 576 2548 firmissime
599 2483 802 2565 distruimus,
825 2483 900 2566 quia
921 2503 1076 2547 numerus
1091 2481 1229 2564 simplex
1244 2481 1349 2545 dualis
1364 2484 1422 2558 est,
1434 2494 1460 2535 2⁵

391 2567 571 2652 singuluris
604 2566 773 2630 dumtaxat
808 2573 841 2630 et
869 2565 1019 2649 pluralis,
1059 2567 1286 2630 annumeratio
1315 2569 1421 2630 autem

391 2671 492 2735 usque
521 2652 560 2714 ad
589 2651 756 2714 duouienti
783 2651 905 2733 species
927 2650 1093 2734 peruenit:
1123 2650 1208 2732 quod
1231 2648 1354 2712 factum
1377 2648 1423 2712 ita

392 2734 497 2798 nostri
526 2733 740 2817 intellegunt,
774 2734 850 2816 quia
877 2734 913 2796 in
941 2735 1047 2816 prima
1075 2732 1277 2796 Hebreorum
1310 2732 1423 2815 lingua

391 2817 478 2881 idem
502 2817 737 2880 elementorum
763 2816 1029 2899 uoluminumque
1051 2836 1207 2879 numerus
1229 2816 1333 2879 editus
1357 2818 1419 2878 est:

392 2901 435 2965 ob
465 2922 561 2983 quam
592 2921 723 2964 oausam
745 2901 841 2964 etiam
863 2899 1051 2983 philosophi
1074 2899 1203 2981 antiqui
1225 2899 1361 2962 uerbum
1384 2918 1422 2960 ex
1435 2913 1461 2952 ³0

393 2985 562 3047 duouienti
586 2984 753 3066 speciebus
775 2984 811 3047 in
833 3005 934 3047 unum
963 2982 1104 3046 ordinati
1124 2985 1211 3046 sunt.
1250 2984 1283 3044 et
1303 2984 1340 3044 ut
1359 2981 1423 3046 hoc

393 3067 456 3130 tibi
484 3067 689 3131 manifestius
719 3066 887 3150 reddatur,
916 3067 1061 3150 singulas
1084 3086 1265 3130 annumero
1287 3065 1421 3148 species.

460 3322 475 3368 2
499 3315 665 3384 figuratarum
682 3316 718 3370 N
730 3318 741 3384 ΙΙ
760 3322 791 3371 10
813 3315 879 3368 dissi
902 3317 930 3384 o]
955 3315 1021 3380 sort.
1039 3314 1158 3383 dissipis
1178 3317 1225 3383 (ει
1244 3313 1395 3382 dissaepio)

390 3389 423 3436 12
437 3383 551 3450 consipo
564 3382 605 3452 N,
623 3385 753 3452 constipo
765 3383 836 3437 coni.
884 3383 922 3448 ci,
934 3383 1000 3446 fort.
1013 3381 1140 3451 consipio
1178 3387 1211 3436 13
1222 3380 1353 3435 redificas
1365 3378 1400 3434 N

392 3456 424 3504 15
438 3448 541 3504 Graeci
552 3451 595 3515 N,
614 3448 735 3503 Gracchi
748 3451 818 3504 corsi.
830 3449 896 3504 Mai
907 3450 918 3516 ΙΙ
933 3455 963 3502 16
982 3449 1112 3503 dicentes
1167 3451 1178 3517 ΙΙ
1191 3454 1223 3503 17
1243 3464 1306 3502 cum
1323 3447 1357 3502 N
1366 3449 1422 3515 1112

391 3516 601 3594 epithomarum
619 3517 653 3571 N
662 3518 672 3584 l
685 3522 718 3570 22
736 3515 902 3584 simplitium
921 3515 952 3569 N
964 3516 975 3583 ΙΙ
988 3521 1021 3568 24
1038 3515 1203 3570 intellectus
1222 3514 1251 3568 N
1269 3530 1338 3570 corr.
1350 3513 1422 3577 Mai,

389 3584 449 3636 nesi
465 3584 548 3637 malis
565 3583 630 3636 hinc
650 3584 795 3638 emendare
807 3584 817 3651 [l
829 3590 862 3638 32
880 3583 997 3636 redatur
1014 3581 1054 3639 N.
1301 3595 1304 3598 ·
