3210 4162
635 308 682 363 1v.
709 307 758 362 nu
776 307 925 366 nuruis.
1257 313 1297 377 19

210 457 216 536 f
267 480 417 544 promere
440 460 596 544 exempla.
641 460 817 543 Lapidus
840 459 971 543 quidem
992 461 1028 524 in
1050 460 1149 526 Assia
1170 461 1296 526 minore

211 563 224 616 '.
269 545 411 608 oratorio
432 564 586 628 praesens
601 543 704 608 multa
718 543 972 627 reprehensione
988 544 1021 608 di
1070 567 1089 609 a
1105 545 1298 642 conscripsit

267 631 306 692 ut
326 628 407 692 illud
429 629 476 694 sot
497 630 535 693 in
556 648 686 694 occursu
700 629 828 693 metitur
843 629 960 694 muria.
989 649 1035 693 nu
1050 630 1081 692 la
1095 628 1162 694 hiic
1177 633 1296 694 uentus

267 715 332 798 est,
360 712 443 777 nulli
465 712 553 778 enim
574 716 702 778 creatae
724 715 861 776 naturae
884 714 981 777 maris
1001 713 1167 798 profunda
1188 714 1296 779 metiri

268 797 423 881 possibile
451 800 510 863 est.
555 816 633 881 ergo
660 818 719 861 nos
742 797 878 893 dicimus
899 797 947 893 set
968 799 1006 861 in
1026 817 1157 863 occursu
1179 801 1322 880 tieputts

266 879 1298 1048 tt?lttltllttltltttttlttdutztbtdtgt

266 1051 375 1111 noctu.
417 1046 596 1129 Lepidus
617 1047 731 1111 itidem
754 1046 834 1111 dicit
854 1051 968 1112 uentus
990 1067 1064 1112 acer
1076 1048 1226 1112 roborum
1240 1068 1296 1112 ru·

267 1132 350 1196 dices
378 1131 483 1196 euellit
504 1130 607 1209 altus,·
634 1131 721 1213 quod
743 1129 814 1193 lieri
837 1129 973 1194 omnino
995 1151 1063 1194 non
1085 1133 1210 1213 potest,
1239 1130 1295 1194 sed

267 1219 396 1279 tantum
418 1218 536 1279 uentus
557 1217 675 1279 robora
696 1213 883 1278 labefactat.
1308 1233 1334 1273 ιο

352 1298 474 1362 Grama
497 1301 546 1362 est
558 1297 759 1363 litteraturae
778 1296 970 1381 peruidatio,
995 1319 1076 1381 quae
1092 1298 1184 1380 quasi
1200 1319 1296 1382 quae·

266 1382 341 1445 dam
364 1384 465 1447 totius
486 1383 635 1447 lectionis
657 1382 808 1446 semitula
830 1384 879 1445 est
900 1382 986 1445 unde
1009 1385 1042 1445 et
1070 1403 1090 1445 a
1116 1381 1229 1463 peritis
1257 1382 1295 1444 li-

266 1468 337 1529 tera
352 1465 584 1549 interpretatur
599 1465 747 1550 legitera,
770 1465 856 1547 quod
871 1467 922 1527 est
935 1463 1066 1548 legendi
1081 1465 1295 1545 itinerarium,

266 1550 357 1613 cuius
379 1570 458 1632 prae
480 1551 594 1613 ceteris
616 1568 678 1633 ego
699 1552 732 1611 et
752 1548 847 1613 laudo
864 1547 1051 1630 utilitatem,
1076 1569 1174 1631 quam
1189 1549 1295 1612 omnis

265 1653 349 1715 pene
371 1632 547 1715 participat
568 1633 729 1696 mundus„
1309 1649 1335 1689 rs

352 1714 502 1781 Dialeota
530 1719 580 1780 est
606 1714 783 1780 mordatrix
811 1713 958 1778 omnium
986 1715 1176 1794 uerborum,
1215 1733 1295 1795 quae

266 1799 333 1883 legi
362 1798 426 1863 diei
455 1819 493 1863 ac
520 1799 619 1863 scribi
642 1800 684 1862 ab
705 1798 855 1862 omnibus
877 1797 985 1861 solent
1005 1799 1192 1861 exinterans
1218 1817 1295 1880 quo·

267 1883 438 1949 dammodo
451 1886 547 1966 atque
559 1882 714 1948 effibrans
728 1882 855 1946 uiscera
869 1881 1117 1961 sententiarum,
1139 1881 1296 1946 medullas

266 1987 429 2045 sensuum,
451 1987 551 2030 uenas
566 1967 727 2040 fenorum,
744 1965 836 2030 ouius
850 1968 997 2030 auctores
1011 1966 1048 2028 in
1063 1967 1153 2029 omui
1167 1966 1295 2049 pictura

267 2051 428 2114 crocitant
453 2049 631 2133 acriterque
658 2050 695 2114 in
716 2049 1005 2131 reprehensionem
1020 2048 1173 2111 ¹omnium
1196 2049 1294 2112 scrib
1308 2067 1335 2107 ao

266 2137 374 2197 torum
387 2134 470 2198 rictu
480 2132 592 2197 hiante
607 2132 750 2215 auidant,
765 2152 902 2214 quorum
913 2153 998 2195 unus
1013 2135 1082 2195 erat
1095 2129 1173 2194 luli
1182 2151 1295 2212 anus,

267 2221 360 2299 pater
374 2217 523 2281 Donati
546 2237 585 2281 ac
600 2216 741 2296 Doris,
765 2217 822 2297 qui
835 2215 932 2279 nobis
948 2215 1077 2279 dicebat
1089 2214 1192 2277 multo
1208 2214 1296 2278 aliud

267 2321 337 2364 esse
353 2299 496 2366 dicineo
511 2301 597 2365 debet
610 2304 643 2364 et
657 2300 721 2364 dici
735 2319 801 2364 aon
816 2303 943 2381 oportet.
968 2303 1108 2380 oportere
1121 2296 1242 2362 etenim
1257 2298 1297 2362 de

337 2506 368 2554 12
387 2500 424 2566 cf.
444 2498 528 2557 Otene.
546 2499 660 2619 cerff.
678 2498 736 2566 ὂψ
764 2496 875 2551 Littera
891 2496 1001 2550 'dieitur
1023 2496 1105 2565 quasi
1121 2495 1243 2564 legitera
1262 2512 1295 2550 eo

288 2567 345 2621 uod
358 2567 519 2635 legentibus
531 2567 588 2619 iter
648 2564 805 2684 lepardum
817 2565 940 2633 praebet
951 2566 1075 2618 vocatur.
1092 2630 1098 2641 ι
1124 2570 1165 2616 22.
1178 2561 1296 2633 Praene.

303 2639 359 2687 oret.
378 2633 424 2703 (cs.
443 2633 588 2700 apponat:
611 2632 678 2686 Aliu
721 2633 766 2684 est
788 2631 847 2684 diei
862 2645 920 2684 non
939 2630 1026 2684 debet
1043 2632 1100 2683 dier
1117 2659 1152 2668 -
1170 2630 1245 2683 enim
1263 2660 1297 2669 -

209 2854 211 2857 .
338 2797 690 2867 tasiaNltoraturioN
700 2799 710 2865 ΙΙ
743 2811 859 2851 raesens
867 2795 934 2862 fort.
964 2799 1093 2850 raestans
1105 2794 1115 2861 ΙΙ
1127 2796 1310 2863 repraehen·

267 2866 345 2942 sione
363 2866 425 2920 PN
434 2868 444 2933 ΙΙ
457 2871 473 2918 3
489 2880 591 2942 occasu
602 2865 637 2918 N
644 2865 654 2932 ΙΙ
667 2815 800 2918 mitbbtur
811 2862 848 2916 N
855 2864 865 2930 ΙΙ
877 2862 924 2940 hio
945 2929 951 2939 .
978 2863 1018 2930 114
1030 2862 1182 2930 nullidPlt
1194 2864 1298 2939 natura

267 2949 341 2987 marr
359 2932 390 2985 N
402 2935 441 3000 {15
474 2931 583 2984 ossrbrlr
600 2931 795 3052 thoeoasum
813 2928 848 2982 N
856 2931 866 2997 11
880 2929 967 2997 tmgrt
984 2927 1018 2981 N
1026 2928 1065 3006 lss
1076 2930 1231 3005 transtone
1242 2930 1271 2983 P
1282 2930 1295 2997 Η

288 3012 441 3053 essessores
482 3039 489 3059 ,
520 3013 628 3052 cesores
672 2995 903 3066 ttperfidensN
912 2996 922 3062 ΙΙ
935 2993 1175 3050 ardentissimaN
1183 2995 1298 3064 nfulges

310 3067 320 3134 ΙΙ
333 3072 350 3121 8
367 3067 474 3135 nuncto
529 3066 540 3134 ΙΙ
553 3064 623 3118 dicit
633 3065 736 3119 ventus
748 3064 854 3117 robora
862 3061 1007 3115 labefacta
1018 3061 1053 3116 N
1053 3081 1064 3127 ;
1082 3064 1163 3117 atera
1173 3064 1203 3117 P
1214 3063 1225 3130 ΙΙ
1239 3069 1268 3115 11
1276 3063 1296 3115 f.

268 3147 411 3204 Gramma.
433 3149 544 3204 Littera
554 3137 598 3204 in't
615 3147 694 3217 loqui
712 3148 735 3203 b
758 3147 853 3202 dicere
876 3131 921 3201 int
932 3146 996 3200 volo
1009 3145 1033 3200 b
1045 3146 1139 3216 cupio.
1152 3146 1297 3200 certamen

267 3233 302 3300 qi·
317 3232 394 3285 inter
410 3232 524 3301 plebem
541 3232 564 3286 ds
580 3231 718 3300 populum
733 3220 779 3309 int
800 3247 901 3285 verum
922 3232 953 3284 et
969 3245 1102 3284 veracem
1120 3228 1151 3281 N
1168 3228 1201 3282 ta
1216 3244 1268 3308 mp.
1283 3230 1295 3297 ΙΙ

269 3298 328 3354 las.
342 3298 602 3367 quse-quaedam,
615 3301 689 3352 est·
717 3299 795 3352 entre
807 3312 859 3353 om.
870 3298 904 3352 N
913 3299 923 3365 ΙΙ
939 3302 969 3350 12
982 3295 1123 3372 estom.P
1134 3297 1144 3363 ιΙ
1157 3310 1298 3372 aspensq;

266 3367 295 3421 P
307 3367 317 3435 ΙΙ
332 3373 363 3420 13
374 3366 597 3433 interpraetatur
614 3365 677 3443 PN
688 3315 899 3433 lfitenerarium
917 3367 946 3420 P
962 3364 972 3432 l
989 3362 1050 3434 ,¹4f·
1068 3362 1299 3440 eurus-partici-

266 3433 572 3622 upuluu
588 3446 713 3568 arr
726 3431 1055 3582 refrener
1067 3428 1300 3565 terreum

268 3581 319 3626 om.
370 3613 377 3626 .

1104 3647 1143 3700 2*
