3210 4162
700 979 726 1043 Ι.
761 978 822 1044 ΒΕ
845 978 1035 1044 NOMINE.

433 1111 594 1194 Primam,
623 1113 727 1177 frater
755 1113 936 1194 carissime,
966 1113 1005 1176 de
1029 1116 1098 1176 arte
1119 1113 1261 1177 nominis
1284 1133 1381 1197 expo·

350 1195 515 1278 sitioncm,
548 1217 630 1280 quae
659 1197 765 1280 prima
793 1200 857 1279 est,
886 1197 1047 1277 edicturo,
1076 1196 1141 1260 tuis
1168 1197 1381 1280 petitionibus

349 1279 534 1344 satisfacere
560 1280 704 1363 cupienti
727 1279 857 1345 uidetur
878 1281 960 1344 mihi
981 1301 1040 1363 per
1059 1300 1169 1344 cassus
1189 1280 1382 1364 singillatim

349 1382 529 1427 sermonem
568 1363 719 1447 primitus
758 1385 829 1428 esse
861 1363 1057 1427 faciendum.
1104 1362 1144 1426 de
1177 1364 1381 1428 nominatiuo

349 1467 452 1511 cassu.
488 1447 615 1530 primus
639 1467 748 1512 cassus
771 1450 966 1530 estractus,
990 1447 1211 1511 nominatiuus
1232 1452 1407 1528 uocatum

348 1530 405 1613 qui
427 1531 462 1594 in
484 1530 601 1612 quibus
624 1530 759 1614 syllabis
781 1531 930 1612 finiatur,
959 1531 1034 1595 sciri
1057 1531 1167 1611 debet,
1199 1531 1381 1596 dicentibus

349 1614 539 1696 quibusdam
561 1616 598 1678 in
612 1619 679 1678 tres
695 1619 824 1680 tantum
840 1615 981 1698 syllabas
996 1615 1238 1680 nominatiuum
1254 1635 1382 1679 cassum

348 1697 435 1760 finiri
464 1719 590 1780 semper
617 1699 751 1780 debere,
782 1697 976 1782 quibusdam
1004 1719 1082 1761 uero
1112 1719 1129 1759 e
1160 1699 1323 1762 contrario
1346 1698 1382 1761 in

348 1801 413 1843 sex.
455 1779 533 1845 hinc
561 1782 784 1863 quaestionem
814 1781 1087 1845 contradictorum
1115 1781 1282 1864 inquisitio
1311 1802 1382 1864 rep·

347 1863 476 1945 pariens
498 1863 539 1927 ad
561 1886 666 1928 meam
688 1866 886 1947 paruitatem
907 1868 966 1928 tua
988 1864 1213 1947 sagacissima,
1243 1885 1324 1947 quae
1345 1866 1380 1927 in
1397 1880 1422 1919 10

349 1946 468 2010 diuinis
490 1947 712 2012 uoluminibus
735 1951 787 2013 sat
810 1951 860 2011 est
881 1947 1075 2031 approbata,
1106 1947 1212 2012 uoluit
1233 1947 1383 2032 dirigere.

350 2029 427 2112 quid
456 2031 558 2118 igitur
586 2030 730 2096 facturus
759 2052 831 2095 sum
859 2031 1006 2114 utrisque
1029 2030 1244 2096 existentibus
1267 2031 1383 2094 emulis

348 2117 484 2197 utroque
506 2116 649 2198 possitus
671 2115 774 2179 latere
797 2115 919 2194 amica
942 2115 1028 2178 inter
1050 2135 1162 2178 eorum
1184 2115 1291 2199 iurgia
1312 2114 1383 2197 pla·

350 2217 421 2261 cere
443 2198 639 2281 conpulsus?

435 2281 526 2345 Duae
552 2283 658 2346 scolae
681 2285 759 2345 sunt
781 2282 817 2344 in
838 2283 910 2345 tota
934 2281 1082 2363 Europa,
1104 2282 1139 2344 in
1163 2281 1279 2364 quibus
1302 2282 1424 2344 heae1⁶

350 2364 588 2429 controuersiae
617 2365 760 2429 maxima
787 2365 937 2427 feruntur
965 2385 1004 2428 ex
1033 2367 1125 2447 parte
1136 2414 1146 2449 ,
1175 2363 1263 2428 scola
1290 2362 1383 2427 Ter·

348 2448 476 2512 rentii
500 2452 533 2513 et
553 2449 642 2513 scola
664 2448 877 2532 Galbungi.
918 2447 1155 2512 Torrentius
1178 2446 1293 2512 asserit
1315 2450 1383 2511 tres

349 2533 476 2596 tantum
503 2535 541 2596 ut
570 2532 636 2596 dixi
667 2532 809 2616 syllabas
839 2553 924 2610 esse,
956 2531 990 2594 in
1018 2531 1135 2614 quibus
1157 2530 1383 2595 nominatiuus

338 2637 460 2680 cassus
482 2616 644 2682 finiendus
664 2618 711 2680 sit
732 2619 867 2699 excepto
892 2616 1114 2699 comparatiuo
1137 2615 1253 2698 gradu,
1275 2614 1331 2678 ubi
1347 2634 1385 2679 or

350 2699 475 2782 syllaba
496 2700 623 2784 quoties
646 2700 823 2783 excipitur,
851 2702 917 2762 tres
940 2699 1020 2762 haec
1043 2698 1187 2782 syllabae
1210 2702 1384 2762 consuetae
1397 2708 1423 2748 ²⁰

350 2787 427 2847 sunt
452 2803 491 2849 as
512 2805 535 2848 a
555 2805 612 2849 scm
634 2805 692 2868 per
719 2784 784 2847 tria
811 2803 934 2866 genera
963 2783 1143 2865 antiquitus
1172 2782 1384 2846 constitutae:

350 2867 489 2948 amplius
504 2866 555 2931 his
570 2868 674 2950 recipi
690 2868 825 2930 omnino
837 2886 904 2929 non
915 2886 1010 2948 posse
1024 2867 1183 2929 adfirmat.
1207 2871 1240 2928 et
1251 2869 1385 2928 econtra

352 2950 588 3034 Galbungus
611 2951 646 3014 in
670 2971 728 3014 sex
743 2948 884 3033 syllabas
899 2949 1140 3013 nominatiuum
1156 2968 1281 3012 cassum
1297 2947 1385 3011 finiri

419 3139 590 3195 EXPLICIT
601 3138 809 3196 PROLOGUS.
821 3138 961 3194 INCIPIT
971 3139 1000 3192 ·I·
1011 3137 1175 3193 VERGlLII
1186 3137 1222 3205 (V
1233 3143 1258 3192 et
1267 3138 1293 3190 R
1301 3139 1384 3202 corr.)

350 3208 531 3263 EPISTOLA
549 3212 598 3261 etc.
610 3208 645 3260 N
653 3209 663 3275 ΙΙ
677 3213 692 3260 2
711 3206 850 3261 educturo
864 3205 898 3258 N
903 3208 909 3240 ¹
922 3220 992 3260 corr.
1004 3223 1040 3263 m.
1052 3207 1089 3260 al.
1103 3208 1112 3276 ll
1126 3213 1141 3260 3
1154 3205 1325 3273 patislacere
1339 3204 1373 3257 N
1376 3205 1384 3239 ¹

351 3276 502 3334 conamur.
517 3276 527 3343 l
541 3280 634 3329 cas'sus
644 3280 712 3363 (aaa
718 3275 747 3340 u)
758 3273 792 3327 N
800 3275 811 3342 ΙΙ
823 3272 1022 3327 anominatIus
1031 3272 1066 3327 N
1074 3275 1084 3342 ll
1097 3273 1168 3327 scire
1177 3271 1211 3326 N
1220 3272 1230 3340 ΙΙ
1244 3270 1385 3338 teyllabis

351 3377 385 3431 N
394 3378 403 3446 ΙΙ
417 3383 432 3430 9
450 3374 516 3430 huic
529 3375 563 3430 N
572 3376 582 3444 ΙΙ
606 3390 657 3444 rep
680 3342 773 3429 ar¹ens
785 3373 820 3428 N
827 3375 885 3493 lm
896 3372 973 3442 sagIt
980 3372 1089 3426 tissima
1100 3372 1134 3427 N
1137 3375 1144 3408 ¹
1158 3374 1168 3440 ΙΙ
1183 3378 1213 3425 11
1227 3371 1386 3439 abprobata

352 3444 387 3497 N
394 3448 405 3512 ΙΙ
418 3445 527 3512 erigere
541 3445 606 3512 (ier
620 3448 645 3507 a)
702 3444 825 3510 ulaquo
856 3439 966 3494 Ncoss,
978 3440 1065 3518 Motu
1081 3447 1112 3494 13
1120 3439 1185 3505 fort.
1221 3439 1339 3507 lacaress
1355 3445 1386 3518 lo

352 3527 460 3578 eurupa
472 3510 506 3563 N
509 3512 517 3546 ¹
530 3512 540 3578 ΙΙ
556 3516 587 3564 16
600 3509 809 3563 contraversiae
822 3506 857 3561 N
866 3509 875 3575 ΙΙ
888 3513 922 3560 20
933 3506 987 3559 hae
1000 3507 1064 3560 Mac
1077 3509 1087 3574 ΙΙ
1100 3513 1131 3559 21
1145 3523 1176 3560 as
1230 3520 1298 3559 coar.
1311 3505 1383 3558 Mas.
