3210 4162
608 308 642 372 v„
669 308 719 362 DE
735 307 955 363 PARTICIPIO.

567 491 609 555 V.
646 490 707 556 Du
729 489 991 558 PARTIOIPIO.

351 624 480 690 Dicturi
503 626 542 690 de
565 625 753 710 participio,
778 627 817 690 de
839 647 902 709 quo
927 631 959 690 et
981 647 1001 690 a
1022 627 1116 691 nobis
1139 633 1172 692 et
1195 628 1297 710 aple-

264 709 374 792 risque
397 709 587 774 doctoribus
610 731 717 774 sermo
740 710 892 792 frequens
915 709 1020 774 iactus
1043 715 1106 789 est,
1130 710 1211 775 illud
1233 712 1297 775 mei

265 796 425 857 Aeneae
459 795 494 856 in
528 793 695 891 prohemio
728 794 835 876 operis
867 794 1174 857 conmemorandum
1204 798 1296 877 puto.

265 876 421 940 obtimum
451 881 571 941 etenim
601 881 651 941 est
673 880 706 940 et
727 877 822 941 ualde
843 879 1059 961 peroptimum
1082 898 1212 941 ornnem
1235 878 1297 942 dis-

266 960 409 1042 cipulum
439 961 474 1024 in
497 961 561 1024 fine
585 961 731 1025 omnium
754 960 948 1044 scriptorum
971 965 1066 1044 atque
1089 961 1184 1024 initio
1207 982 1297 1043 prae·
1323 977 1336 1016 ⁵

267 1044 408 1126 ceptoris
436 1043 485 1106 sui
514 1037 718 1108 indeffessam
748 1043 854 1108 facere
877 1044 1092 1126 mentionem,
1121 1065 1217 1127 quem
1239 1044 1298 1109 hu·

267 1148 381 1190 manae
410 1126 601 1210 disciplinae
628 1128 761 1191 tertium
788 1127 850 1192 sibi
872 1130 996 1210 patrem
1019 1130 1149 1192 uocant.
1186 1129 1298 1213 itaque

267 1213 424 1275 Aeneas
451 1232 542 1274 meus
570 1211 704 1294 triplam
732 1212 976 1295 participiorum
1000 1212 1120 1275 adserit
1143 1232 1212 1276 esse
1234 1213 1298 1276 uir-

265 1299 385 1377 tutem,
409 1295 494 1378 quod
516 1296 551 1358 in
573 1294 658 1358 libro
682 1295 721 1358 de
744 1297 886 1358 omnium
906 1295 1024 1357 artium
1039 1295 1162 1359 uirtute
1177 1295 1298 1378 scripto

267 1381 364 1460 atque
385 1377 560 1441 ordinatim
581 1377 715 1461 degesto
737 1379 795 1441 tali
817 1376 918 1441 edidit
932 1377 1044 1441 modo:
1064 1381 1176 1459 primo
1190 1379 1299 1462 inquit
1313 1398 1337 1437 lo

266 1463 373 1526 uinus
389 1462 657 1543 participiorum,
681 1463 766 1542 quod
786 1481 900 1525 comeo
920 1461 1096 1525 etcertum
1111 1463 1298 1544 duasprioe

267 1545 383 1625 ripales
405 1545 563 1608 orationis
572 1549 684 1625 portes
698 1545 822 1611 obtinet.
856 1545 1012 1622 secundo,
1036 1546 1121 1624 quod
1133 1547 1215 1608 sieut
1228 1566 1299 1609 uer-
1384 1564 1387 1569 ·

268 1627 343 1692 bom
363 1627 464 1707 fucrit
485 1628 641 1706 adinum,
667 1628 773 1692 eodem
794 1629 885 1692 modo
906 1632 935 1690 ei
955 1627 1061 1708 ipsum
1084 1629 1160 1709 opit.
1194 1630 1299 1709 tertio,

267 1711 352 1789 quod
371 1712 401 1775 si
421 1711 460 1774 iu
481 1711 545 1793 fine
566 1712 817 1776 testimoniorum
832 1712 975 1794 positum
992 1709 1108 1789 fuerit,
1126 1730 1189 1793 pro
1204 1713 1299 1777 uerbo

268 1795 464 1876 occipiotor;
492 1795 577 1877 quod
597 1799 705 1859 tamea
726 1814 791 1859 ooo
812 1795 881 1878 tupi
903 1795 1127 1859 musuetudioe
1146 1796 1202 1859 sed
1222 1815 1300 1860 roro
1314 1815 1339 1855 15

269 1879 395 1942 occidit.
432 1876 512 1941 haec
536 1878 705 1941 Aeneas.

355 1959 527 2025 Sciendum
543 1961 693 2042 inprimis
710 1964 760 2024 est
773 1963 879 2023 totum
893 1961 1101 2043 participium
1118 1982 1176 2043 per
1189 1982 1300 2025 omnes

269 2064 326 2107 sex
356 2064 466 2107 cassus
492 2043 635 2126 duplices
658 2063 755 2126 agere
777 2043 879 2107 solere
905 2042 963 2106 illo
993 2042 1162 2107 dumtaxat
1189 2044 1298 2125 uerbo,

270 2128 361 2190 cuius
377 2129 420 2190 sit
435 2127 693 2210 significationis,
710 2129 837 2210 agente.
866 2126 1088 2190 nominatiuus
1105 2147 1214 2191 cassus
1229 2149 1301 2210 par-

269 2210 373 2291 ticipii
396 2210 491 2272 modo
513 2214 546 2273 et
568 2210 730 2273 ablatiuus
746 2230 821 2293 sepe
837 2230 895 2292 pro
911 2229 945 2272 se
959 2209 1099 2272 inuicem
1121 2215 1299 2293 ponuntur.
1315 2230 1340 2269 eo

270 2293 357 2439 qupflt
376 2297 494 2438 utrunp
508 2295 551 2356 sit
565 2298 689 2357 rectum
705 2315 748 2356 an
763 2313 871 2374 secus,
894 2313 1006 2389 eorum
1021 2293 1077 2439 (pri
1091 2293 1303 2440 itaplortibunt

269 2397 780 2609 {lflglltlndlffiollff
795 2396 1199 2607 summopi
1213 2398 1302 2608 tl}

350 2565 372 2605 n
429 2566 437 2606 ι
1294 2593 1300 2606 .

271 2627 310 2690 de
325 2565 403 2690 ahod
410 2563 526 2691 ltamlln
550 2563 936 2691 sgrlle'rpitiaadelln'lgilrlee
950 2562 1301 2709 &peptppcpupplesrppm
1316 2650 1341 2689 ss

272 2710 484 2792 opinantibus
511 2711 685 2793 septimum
713 2731 752 2773 ex
779 2714 915 2792 utroque
942 2709 1075 2773 nomine
1099 2729 1224 2773 cessum
1248 2711 1302 2774 ad·

340 2914 365 2962 8.
387 2909 459 2962 Eae.
476 2908 562 2962 Rem.
582 2911 651 2970 200,
674 2912 735 2962 3et
753 2907 834 2964 Lcid.
852 2907 875 2973 s.
892 2909 956 2962 79102
987 2906 1100 2961 Aeneas
1130 2907 1240 2974 (aonias
1263 2908 1303 2976 L)

273 2991 352 3030 meus
379 2975 496 3042 triplam
520 2974 677 3044 (participii
701 2975 738 3042 L)
761 2975 868 3028 adserit
895 2989 956 3028 esse
983 2974 1128 3042 partioIpii
1151 2975 1302 3040 virtutem

271 3043 378 3111 prima,
397 3041 474 3111 quod
493 3042 614 3095 verbnm
632 3043 663 3095 st
679 3057 783 3096 nomen
802 3041 871 3095 duas
882 3040 1054 3110 principales
1065 3044 1163 3110 partes
1176 3041 1300 3109 obtinet;

272 3110 397 3163 secunda
416 3109 491 3175 qnod
510 3109 533 3161 si
552 3123 570 3162 a
585 3109 672 3162 verbo
687 3108 779 3161 activo
792 3107 892 3172 fuerit,
909 3107 1011 3162 eodem
1023 3109 1109 3161 modo
1122 3109 1197 3177 agit;
1216 3109 1305 3162 tertia

273 3177 369 3242 (tertio
388 3175 426 3240 L)
433 3174 470 3308 Is}
486 3176 516 3228 in
534 3174 589 3227 fine
606 3175 764 3228 testimonii
782 3204 815 3214 -
833 3173 990 3242 accipiatur
1008 3173 1120 3240 (eodem
1137 3174 1223 3228 modo
1241 3175 1304 3244 agit

272 3256 325 3310 pro
343 3260 368 3294 v.
388 3258 413 3294 a
475 3282 480 3294 .

342 3423 482 3479 INCIPIT
492 3393 664 3477 'EIUSDEM
676 3422 818 3488 QUINTA
830 3423 878 3477 DE
890 3422 1101 3478 PARTICIPIO
1114 3423 1149 3477 N
1157 3426 1168 3493 11
1180 3431 1196 3478 3
1215 3426 1304 3478 come·

274 3492 412 3628 parm
425 3491 470 3612 ill
488 3493 498 3560 ΙΙ
522 3497 553 3544 12
584 3491 727 3545 orationes
753 3490 787 3544 N
804 3492 814 3558 l
837 3497 869 3545 16
898 3490 993 3544 Aneas
1021 3490 1057 3545 N
1069 3491 1080 3558 l
1100 3496 1131 3544 19
1162 3492 1221 3544 sint
1245 3491 1280 3544 N
1290 3492 1303 3559 ΙΙ

326 3651 404 3702 Vlrgll
418 3652 452 3692 ed.
466 3651 578 3693 fluenter.
1068 3646 1095 3695 ll
