3210 4162
308 293 369 359 152
536 289 692 346 VIRGILII
709 289 875 346 MARONIS
892 288 1105 346 nrlsronan.

306 444 393 508 dicto
419 463 515 507 uersu
543 442 642 507 habet
668 443 812 523 bacaque
838 446 960 525 apparot
987 444 1024 507 im
1051 443 1213 506 moenibus
1238 442 1331 521 festa.

307 526 454 594 ornatius
485 528 573 590 enim
601 529 635 591 et
663 525 820 590 firmatius
848 528 980 605 rentur,
1008 526 1037 590 si
1065 526 1230 608 quandam
1258 545 1332 588 con-

306 610 573 694 pcnderationem
600 609 732 694 linguae
758 630 817 692 per
844 609 984 692 syllabas
1012 608 1148 673 faciunt.
1185 608 1271 671 unde
1300 613 1332 671 et

305 694 392 758 idern
425 697 521 776 poeta
553 692 752 757 commodius
783 695 873 756 ratus
901 697 952 757 est
979 692 1095 757 addere
1121 712 1144 774 y
1170 691 1205 755 in
1232 691 1332 774 priori

278 777 446 860 ssyllaba,
485 798 582 860 quam
618 775 831 860 semigrau'ato
869 776 1035 858 literarum
1068 795 1203 839 numero
1235 795 1333 837 unam

306 863 420 925 contra
443 864 596 943 quattuor
617 859 806 942 ponderare.
844 857 906 922 hac
933 861 972 923 de
996 880 1092 923 causa
1113 859 1149 922 in
1170 857 1333 941 plerisque

305 945 418 1009 literae
447 944 653 1027 duplicantur
681 946 909 1020 consonantes,
944 948 981 1007 ut·
1009 943 1120 1008 cellum
1148 963 1207 1027 pro
1235 943 1334 1007 cetam

306 1033 338 1092 et
352 1028 461 1093 callim
475 1047 535 1109 pro
551 1028 647 1092 uelim
663 1029 696 1090 et
710 1027 797 1091 ellim
811 1046 870 1108 pro
883 1028 968 1091 olim.
999 1027 1203 1090 inmotantur
1215 1034 1332 1101 autern,

306 1117 343 1174 ut
358 1111 513 1191 diximus,
536 1131 595 1193 per
609 1110 832 1173 necessitatem
848 1111 1185 1189 consuetudinariam,
1209 1130 1282 1172 oum
1297 1109 1333 1171 in

268 1212 368 1258 nasu
390 1194 568 1257 habeamus
591 1193 730 1257 scribere
750 1212 862 1273 spo-ruo
878 1197 911 1257 et
924 1213 1034 1270 ceram
1058 1213 1131 1255 oum
1147 1193 1232 1274 apud
1248 1196 1334 1255 uete-

305 1298 357 1341 res
373 1276 539 1340 Romanae
555 1276 756 1358 eloquentiae
772 1275 928 1358 doctores,
949 1280 982 1339 et
997 1296 1050 1339 eos
1067 1277 1237 1358 praecipue
1253 1294 1334 1356 quos

307 1360 519 1444 probabilitas
542 1380 673 1422 suarum
695 1358 797 1421 claros
820 1359 903 1440 apud
927 1379 1040 1422 omnes
1060 1358 1203 1422 efficeret
1217 1357 1334 1421 doctri·

305 1464 438 1521 narum,
461 1462 552 1524 spero
575 1446 608 1507 et
629 1461 696 1507 cero
712 1441 790 1524 poni
809 1441 925 1506 debere
948 1463 1093 1523 sensere,
1117 1442 1296 1505 refutantes
1317 1461 1336 1503 r

307 1531 340 1591 et
361 1547 385 1590 rc
407 1526 528 1609 absque
555 1525 654 1588 ullius
681 1526 804 1589 uocalis
831 1526 1058 1590 interiectione
1086 1526 1184 1590 scribi
1212 1527 1334 1608 pariter

269 1626 294 1665 1⁵
307 1632 412 1693 posse.
453 1610 507 1673 sed
538 1609 614 1691 quia
641 1629 709 1675 cero
736 1614 768 1672 et
793 1629 882 1690 spero
911 1611 1010 1673 alium
1036 1609 1159 1673 habent
1185 1609 1335 1672 effectum

173 1709 175 1714 ·
308 1699 398 1774 (nam
419 1713 510 1774 spero
533 1713 572 1755 ex
594 1712 648 1774 spe
670 1711 788 1755 nomen
807 1693 944 1774 accepit,
968 1697 1002 1770 et
1017 1713 1086 1758 cero
1102 1692 1190 1755 hunc
1205 1713 1335 1755 sensum

307 1776 407 1839 habet
435 1796 508 1838 cum
536 1776 608 1857 quis
636 1795 750 1839 acero
772 1776 942 1860 conponit)
971 1777 1090 1840 idcirco
1112 1796 1136 1840 a
1157 1777 1335 1839 necessarie

306 1858 417 1922 addita
439 1863 489 1921 est
511 1860 552 1921 ad
575 1860 768 1941 spretionem
792 1859 887 1922 etad
910 1861 1030 1922 certam
1053 1858 1222 1922 uisionem.

394 1939 604 2004 lnmotantur
632 1941 729 2005 etiarn
756 1961 814 2023 per
841 1962 955 2021 sonos,
990 1941 1067 2023 quia
1090 1943 1153 2005 duo
1175 1941 1336 2024 quaelibet

268 2024 408 2087 souerse
435 2024 562 2087 hisdem
590 2023 693 2087 literis
727 2030 760 2087 et
788 2023 923 2107 syllabis
950 2025 1153 2102 scribuntur,
1185 2025 1238 2087 sed
1268 2045 1335 2087 non

310 2107 446 2170 eundem
474 2105 597 2170 habent
625 2107 774 2171 effectum
801 2110 839 2171 ut
865 2108 930 2189 leyo
952 2108 1035 2189 leym·
1064 2129 1146 2190 quae
1168 2108 1230 2170 nisi
1255 2128 1335 2170 sono

308 2190 447 2254 discreta
479 2190 617 2272 fuerint,
658 2190 895 2253 confusibiliter
929 2189 1127 2274 diligentur,
1163 2195 1336 2273 propterea

308 2274 374 2354 tayo
396 2294 435 2335 ex
457 2273 598 2336 lectione
620 2274 654 2335 in
678 2275 782 2354 prima
804 2273 929 2356 syllaba
945 2278 1086 2341 acuetur.
1124 2295 1201 2336 nam
1217 2274 1282 2354 lopo
1297 2295 1336 2337 ex

307 2356 471 2440 legatione
493 2357 528 2418 in
551 2357 661 2420 eadem
682 2356 805 2438 syllaba
817 2356 1019 2439 corripietur.
1055 2360 1223 2421 motantur
1238 2356 1335 2420 etiam

269 2455 294 2494 2⁵
308 2460 366 2523 per
394 2460 509 2502 sensus
535 2460 595 2502 nec
623 2461 705 2503 sono
734 2460 794 2504 nec
821 2440 945 2522 syllaba
973 2461 1034 2503 nec
1060 2440 1156 2504 litera
1184 2440 1339 2503 distantia

308 2525 345 2585 ut
366 2523 456 2587 credo
479 2522 578 2587 credo.
616 2544 692 2586 nam
715 2524 804 2588 eredo
826 2524 864 2585 de
887 2521 1077 2587 credulitate
1093 2524 1225 2603 dicitur,
1249 2522 1337 2606 quod

308 2607 460 2669 omnibus
483 2605 604 2668 clarum
627 2610 724 2688 atque
746 2607 952 2688 propatulum
974 2611 1033 2669 est
1069 2610 1118 2670 est
1133 2607 1230 2670 etiam
1246 2607 1336 2672 oredo

307 2688 387 2752 iuris
411 2687 554 2767 iurandi,
582 2689 674 2752 cuius
702 2689 849 2771 exempla
872 2689 963 2774 (quia
985 2688 1116 2754 fortasis
1141 2689 1213 2753 aliis
1234 2689 1336 2752 inusi-

308 2777 413 2836 tatum
449 2770 513 2856 est)
549 2772 758 2854 proferemus.
807 2771 1008 2856 Virgilius
1040 2773 1196 2837 Troianae
1230 2775 1336 2837 scolae

270 2871 296 2910 ³0
310 2855 426 2918 doctor
454 2859 568 2917 contra
590 2855 754 2919 Romanos
783 2856 926 2919 scribens
949 2877 1069 2939 eosque
1091 2857 1245 2920 falsitatis
1268 2876 1336 2919 esse

310 2957 466 3021 arguens,
490 2938 537 2999 ita
559 2938 680 3002 infinit:
705 2959 722 3003 o
744 2939 901 3016 Romani,
926 2959 984 3003 cur
1004 2944 1130 3004 crestrae
1151 2941 1337 3005 icocemorcs

378 3135 543 3189 lmenibus
561 3135 593 3187 N
609 3136 619 3203 ΙΙ
637 3141 653 3189 5
670 3151 786 3190 nomero
804 3136 839 3190 N
851 3138 861 3204 11
878 3143 894 3190 6
912 3152 946 3190 ac
964 3136 998 3190 N
1010 3138 1020 3205 ΙΙ
1039 3142 1053 3190 7
1073 3137 1199 3191 litterate
1217 3137 1251 3191 N
1265 3152 1336 3195 corr.

308 3200 374 3256 Mai
389 3204 400 3270 l
417 3200 540 3256 caellam
562 3201 616 3268 ΝΙ
641 3208 672 3256 12
695 3203 787 3257 clarus
808 3203 842 3258 N
861 3205 865 3272 Ι
883 3202 1012 3258 efficeret
1033 3201 1069 3256 N
1071 3207 1094 3269 ¹,
1122 3209 1168 3259 ·at
1188 3219 1258 3258 corr.
1277 3208 1287 3273 l
1306 3211 1338 3258 13

308 3283 424 3322 censere
442 3267 475 3348 N
494 3269 505 3337 ΙΙ
528 3272 559 3321 16
578 3269 725 3349 θμεὲΝ
740 3283 808 3324 corr.
842 3272 920 3390 'all
940 3276 971 3323 17
990 3270 1058 3324 abet
1076 3270 1111 3324 N
1127 3272 1138 3338 ΙΙ
1161 3278 1192 3326 18
1212 3271 1337 3392 {pionem

307 3335 352 3399 N,
377 3352 389 3388 s
410 3337 551 3390 rotronem
568 3335 633 3390 Mas
673 3335 1066 3407 quaadd.srgn1candamt
1092 3344 1124 3393 19
1161 3354 1197 3394 ue
1267 3353 1337 3396 corr.

307 3401 374 3478 idai
390 3352 409 3469 li
427 3408 461 3456 20
486 3403 526 3481 et]
552 3404 584 3456 ut
610 3375 654 3468 N,
681 3418 714 3456 ac
739 3403 838 3482 Motu
859 3410 907 3482 22·
920 3403 1015 3458 fierint
1093 3407 1103 3473 ΙΙ
1124 3405 1153 3458 di
1167 3406 1278 3475 'genter
1298 3404 1337 3467 N,

308 3467 441 3588 ffinnlr
447 3468 524 3588 Ippiter
537 3469 547 3537 ΙΙ
559 3474 592 3523 23
610 3485 679 3521 num
697 3468 732 3522 N
740 3470 795 3538 ll²8
812 3487 880 3524 runs
899 3471 1019 3524 iurando
1038 3471 1073 3524 N
1081 3472 1092 3538 ΙΙ
1105 3477 1136 3526 31
1155 3471 1315 3525 imfiuntN
1322 3471 1337 3539 ΙΙ

382 3551 430 3589 am
479 3579 486 3593 .
