<?xml version="1.0" encoding="UTF-8"?>
<!DOCTYPE html PUBLIC "-//W3C//DTD XHTML 1.0 Transitional//EN"
    "http://www.w3.org/TR/xhtml1/DTD/xhtml1-transitional.dtd">
<html xmlns="http://www.w3.org/1999/xhtml" xml:lang="en" lang="en">
 <head>
  <title>
</title>
<meta http-equiv="Content-Type" content="text/html;charset=utf-8" />
  <meta name='ocr-system' content='tesseract 3.04.00' />
  <meta name='ocr-capabilities' content='ocr_page ocr_carea ocr_par ocr_line ocrx_word'/>
</head>
<body>
  <div class='ocr_page' id='page_1' title='image "./opera02virggoog_0082.png"; bbox 0 0 3210 4162; ppageno 0'>
   <div class='ocr_carea' id='block_1_1' title="bbox 634 285 1295 382">
    <p class='ocr_par' dir='ltr' id='par_1_1' title="bbox 634 285 1295 382">
     <span class='ocr_line' id='line_1_1' title="bbox 634 285 1295 382; baseline 0.003 -18"><span class='ocrx_word' id='word_1_1' title='bbox 634 285 696 369; x_wconf 80' lang='lat' dir='ltr'><strong>&#39;vu</strong></span> <span class='ocrx_word' id='word_1_2' title='bbox 724 310 774 365; x_wconf 83' lang='lat' dir='ltr'><strong>ns</strong></span> <span class='ocrx_word' id='word_1_3' title='bbox 795 311 926 372; x_wconf 79' lang='lat' dir='ltr'><strong>cuneo,</strong></span> <span class='ocrx_word' id='word_1_4' title='bbox 1253 319 1295 382; x_wconf 78' lang='lat'><strong>57</strong></span> 
     </span>
    </p>
   </div>
   <div class='ocr_carea' id='block_1_2' title="bbox 264 464 1333 2229">
    <p class='ocr_par' dir='ltr' id='par_1_2' title="bbox 264 464 1333 2229">
     <span class='ocr_line' id='line_1_2' title="bbox 267 464 1296 554; baseline 0.005 -23"><span class='ocrx_word' id='word_1_5' title='bbox 267 464 393 531; x_wconf 75' lang='lat' dir='ltr'><strong>clamito</strong></span> <span class='ocrx_word' id='word_1_6' title='bbox 416 468 475 543; x_wconf 73' lang='lat' dir='ltr'><strong>tao,</strong></span> <span class='ocrx_word' id='word_1_7' title='bbox 500 464 547 529; x_wconf 89' lang='lat' dir='ltr'><strong>sic</strong></span> <span class='ocrx_word' id='word_1_8' title='bbox 569 484 645 530; x_wconf 81' lang='lat' dir='ltr'><strong>uoco</strong></span> <span class='ocrx_word' id='word_1_9' title='bbox 668 467 927 550; x_wconf 71' lang='grc' dir='ltr'><strong>99911091ίοί93,</strong></span> <span class='ocrx_word' id='word_1_10' title='bbox 950 468 1153 552; x_wconf 66' lang='lat' dir='ltr'><strong>consumite,</strong></span> <span class='ocrx_word' id='word_1_11' title='bbox 1176 469 1296 554; x_wconf 78' lang='lat' dir='ltr'><strong>impero</strong></span> 
     </span>
     <span class='ocr_line' id='line_1_3' title="bbox 266 550 1296 634; baseline 0.004 -18"><span class='ocrx_word' id='word_1_12' title='bbox 266 550 421 634; x_wconf 75' lang='lat' dir='ltr'><strong>imperito.</strong></span> <span class='ocrx_word' id='word_1_13' title='bbox 471 553 547 614; x_wconf 88' lang='lat' dir='ltr'><strong>sunt</strong></span> <span class='ocrx_word' id='word_1_14' title='bbox 580 555 749 633; x_wconf 88' lang='lat' dir='ltr'><strong>praeterea</strong></span> <span class='ocrx_word' id='word_1_15' title='bbox 781 550 821 615; x_wconf 85' lang='lat' dir='ltr'><strong>ad</strong></span> <span class='ocrx_word' id='word_1_16' title='bbox 856 552 991 617; x_wconf 88' lang='lat' dir='ltr'><strong>eandem</strong></span> <span class='ocrx_word' id='word_1_17' title='bbox 1024 551 1162 617; x_wconf 83' lang='lat' dir='ltr'><strong>formam</strong></span> <span class='ocrx_word' id='word_1_18' title='bbox 1196 555 1296 620; x_wconf 88' lang='lat' dir='ltr'><strong>uerba</strong></span> 
     </span>
     <span class='ocr_line' id='line_1_4' title="bbox 265 635 1295 735; baseline 0.005 -35"><span class='ocrx_word' id='word_1_19' title='bbox 265 636 382 701; x_wconf 83' lang='lat' dir='ltr'><strong>tertiae</strong></span> <span class='ocrx_word' id='word_1_20' title='bbox 409 635 666 721; x_wconf 84' lang='lat' dir='ltr'><strong>coniugationis‚</strong></span> <span class='ocrx_word' id='word_1_21' title='bbox 697 635 752 702; x_wconf 90' lang='lat' dir='ltr'><strong>sed</strong></span> <span class='ocrx_word' id='word_1_22' title='bbox 775 657 831 716; x_wconf 89' lang='lat' dir='ltr'><strong>ea,</strong></span> <span class='ocrx_word' id='word_1_23' title='bbox 862 638 934 735; x_wconf 86' lang='lat' dir='ltr'><strong>quis</strong></span> <span class='ocrx_word' id='word_1_24' title='bbox 956 642 1148 721; x_wconf 84' lang='lat' dir='ltr'><strong>nascuntur,</strong></span> <span class='ocrx_word' id='word_1_25' title='bbox 1171 641 1295 721; x_wconf 78' lang='lat' dir='ltr'><strong>primae</strong></span> 
     </span>
     <span class='ocr_line' id='line_1_5' title="bbox 267 720 1294 807; baseline 0.003 -22"><span class='ocrx_word' id='word_1_26' title='bbox 267 720 507 804; x_wconf 84' lang='lat' dir='ltr'><strong>coniugationis</strong></span> <span class='ocrx_word' id='word_1_27' title='bbox 535 724 622 785; x_wconf 89' lang='lat' dir='ltr'><strong>sunt.</strong></span> <span class='ocrx_word' id='word_1_28' title='bbox 669 720 806 785; x_wconf 81' lang='lat' dir='ltr'><strong>dicimus</strong></span> <span class='ocrx_word' id='word_1_29' title='bbox 834 742 921 785; x_wconf 90' lang='lat' dir='ltr'><strong>emm</strong></span> <span class='ocrx_word' id='word_1_30' title='bbox 948 723 1157 804; x_wconf 68' lang='lat' dir='ltr'><strong>atristides,</strong></span> <span class='ocrx_word' id='word_1_31' title='bbox 1188 744 1294 807; x_wconf 85' lang='lat' dir='ltr'><strong>aquo</strong></span> 
     </span>
     <span class='ocr_line' id='line_1_6' title="bbox 266 805 1321 889; baseline 0.004 -21"><span class='ocrx_word' id='word_1_32' title='bbox 266 805 351 869; x_wconf 77' lang='lat' dir='ltr'><strong>cisso</strong></span> <span class='ocrx_word' id='word_1_33' title='bbox 373 805 478 869; x_wconf 69' lang='lat' dir='ltr'><strong>tressis.</strong></span> <span class='ocrx_word' id='word_1_34' title='bbox 512 824 760 889; x_wconf 79' lang='lat' dir='ltr'><strong>nonnumquam</strong></span> <span class='ocrx_word' id='word_1_35' title='bbox 783 807 881 869; x_wconf 85' lang='lat' dir='ltr'><strong>etiam</strong></span> <span class='ocrx_word' id='word_1_36' title='bbox 905 805 964 870; x_wconf 93' lang='lat' dir='ltr'><strong>sub</strong></span> <span class='ocrx_word' id='word_1_37' title='bbox 987 806 1048 871; x_wconf 86' lang='lat' dir='ltr'><strong>hac</strong></span> <span class='ocrx_word' id='word_1_38' title='bbox 1064 806 1175 870; x_wconf 88' lang='lat' dir='ltr'><strong>eadem</strong></span> <span class='ocrx_word' id='word_1_39' title='bbox 1190 808 1321 872; x_wconf 82' lang='lat' dir='ltr'><strong>formas</strong></span> 
     </span>
     <span class='ocr_line' id='line_1_7' title="bbox 266 887 1295 976; baseline 0.003 -26"><span class='ocrx_word' id='word_1_40' title='bbox 266 887 365 951; x_wconf 89' lang='lat' dir='ltr'><strong>uerba</strong></span> <span class='ocrx_word' id='word_1_41' title='bbox 392 889 516 971; x_wconf 88' lang='lat' dir='ltr'><strong>primae</strong></span> <span class='ocrx_word' id='word_1_42' title='bbox 544 889 787 972; x_wconf 84' lang='lat' dir='ltr'><strong>coniugationis</strong></span> <span class='ocrx_word' id='word_1_43' title='bbox 810 911 849 953; x_wconf 84' lang='lat' dir='ltr'><strong>ex</strong></span> <span class='ocrx_word' id='word_1_44' title='bbox 871 889 1030 955; x_wconf 89' lang='lat' dir='ltr'><strong>secundae</strong></span> <span class='ocrx_word' id='word_1_45' title='bbox 1054 890 1295 976; x_wconf 82' lang='lat' dir='ltr'><strong>coniugationis</strong></span> 
     </span>
     <span class='ocr_line' id='line_1_8' title="bbox 265 971 1295 1056; baseline 0.004 -20"><span class='ocrx_word' id='word_1_46' title='bbox 265 971 371 1036; x_wconf 88' lang='lat' dir='ltr'><strong>uerbis</strong></span> <span class='ocrx_word' id='word_1_47' title='bbox 399 973 549 1036; x_wconf 91' lang='lat' dir='ltr'><strong>nouimus</strong></span> <span class='ocrx_word' id='word_1_48' title='bbox 574 973 724 1055; x_wconf 82' lang='lat' dir='ltr'><strong>generari</strong></span> <span class='ocrx_word' id='word_1_49' title='bbox 752 977 789 1037; x_wconf 84' lang='lat' dir='ltr'><strong>ut</strong></span> <span class='ocrx_word' id='word_1_50' title='bbox 809 975 902 1039; x_wconf 78' lang='lat' dir='ltr'><strong>uideo</strong></span> <span class='ocrx_word' id='word_1_51' title='bbox 922 975 1026 1052; x_wconf 79' lang='lat' dir='ltr'><strong>uides,</strong></span> <span class='ocrx_word' id='word_1_52' title='bbox 1057 995 1162 1056; x_wconf 88' lang='lat' dir='ltr'><strong>aquo</strong></span> <span class='ocrx_word' id='word_1_53' title='bbox 1183 976 1295 1040; x_wconf 70' lang='lat' dir='ltr'><strong>cosio</strong></span> 
     </span>
     <span class='ocr_line' id='line_1_9' title="bbox 266 1056 1294 1141; baseline 0.002 -21"><span class='ocrx_word' id='word_1_54' title='bbox 266 1057 406 1120; x_wconf 66' lang='lat' dir='ltr'><strong>cionitas.</strong></span> <span class='ocrx_word' id='word_1_55' title='bbox 442 1058 519 1119; x_wconf 89' lang='lat' dir='ltr'><strong>sunt</strong></span> <span class='ocrx_word' id='word_1_56' title='bbox 541 1060 574 1120; x_wconf 89' lang='lat' dir='ltr'><strong>et</strong></span> <span class='ocrx_word' id='word_1_57' title='bbox 596 1076 663 1120; x_wconf 89' lang='lat' dir='ltr'><strong>non</strong></span> <span class='ocrx_word' id='word_1_58' title='bbox 686 1078 789 1140; x_wconf 88' lang='lat' dir='ltr'><strong>pauca</strong></span> <span class='ocrx_word' id='word_1_59' title='bbox 811 1059 845 1120; x_wconf 93' lang='lat' dir='ltr'><strong>in</strong></span> <span class='ocrx_word' id='word_1_60' title='bbox 868 1056 982 1121; x_wconf 88' lang='lat' dir='ltr'><strong>eadem</strong></span> <span class='ocrx_word' id='word_1_61' title='bbox 1003 1058 1106 1121; x_wconf 86' lang='lat' dir='ltr'><strong>forma</strong></span> <span class='ocrx_word' id='word_1_62' title='bbox 1127 1078 1187 1140; x_wconf 88' lang='lat' dir='ltr'><strong>per</strong></span> <span class='ocrx_word' id='word_1_63' title='bbox 1201 1080 1294 1141; x_wconf 88' lang='lat' dir='ltr'><strong>quos·</strong></span> 
     </span>
     <span class='ocr_line' id='line_1_10' title="bbox 266 1139 1294 1224; baseline 0.003 -22"><span class='ocrx_word' id='word_1_64' title='bbox 266 1139 337 1203; x_wconf 86' lang='lat' dir='ltr'><strong>dam</strong></span> <span class='ocrx_word' id='word_1_65' title='bbox 361 1139 479 1224; x_wconf 86' lang='lat' dir='ltr'><strong>gradus</strong></span> <span class='ocrx_word' id='word_1_66' title='bbox 501 1142 569 1203; x_wconf 89' lang='lat' dir='ltr'><strong>tam</strong></span> <span class='ocrx_word' id='word_1_67' title='bbox 593 1140 696 1204; x_wconf 89' lang='lat' dir='ltr'><strong>literis</strong></span> <span class='ocrx_word' id='word_1_68' title='bbox 719 1162 817 1224; x_wconf 90' lang='lat' dir='ltr'><strong>quam</strong></span> <span class='ocrx_word' id='word_1_69' title='bbox 839 1140 1005 1210; x_wconf 84' lang='lat' dir='ltr'><strong>intellectu</strong></span> <span class='ocrx_word' id='word_1_70' title='bbox 1027 1142 1212 1206; x_wconf 88' lang='lat' dir='ltr'><strong>crescentia.</strong></span> <span class='ocrx_word' id='word_1_71' title='bbox 1249 1141 1294 1205; x_wconf 88' lang='lat' dir='ltr'><strong>di·</strong></span> 
     </span>
     <span class='ocr_line' id='line_1_11' title="bbox 267 1223 1332 1307; baseline 0 -20"><span class='ocrx_word' id='word_1_72' title='bbox 267 1223 366 1287; x_wconf 85' lang='lat' dir='ltr'><strong>cimus</strong></span> <span class='ocrx_word' id='word_1_73' title='bbox 390 1223 476 1287; x_wconf 89' lang='lat' dir='ltr'><strong>enim</strong></span> <span class='ocrx_word' id='word_1_74' title='bbox 499 1244 594 1288; x_wconf 80' lang='lat' dir='ltr'><strong>curro</strong></span> <span class='ocrx_word' id='word_1_75' title='bbox 617 1244 708 1290; x_wconf 80' lang='lat' dir='ltr'><strong>curso</strong></span> <span class='ocrx_word' id='word_1_76' title='bbox 731 1227 864 1307; x_wconf 81' lang='lat' dir='ltr'><strong>cursito,</strong></span> <span class='ocrx_word' id='word_1_77' title='bbox 887 1227 942 1288; x_wconf 90' lang='lat' dir='ltr'><strong>sed</strong></span> <span class='ocrx_word' id='word_1_78' title='bbox 965 1245 1058 1290; x_wconf 79' lang='lat' dir='ltr'><strong>curro</strong></span> <span class='ocrx_word' id='word_1_79' title='bbox 1081 1225 1142 1289; x_wconf 89' lang='lat' dir='ltr'><strong>hoc</strong></span> <span class='ocrx_word' id='word_1_80' title='bbox 1165 1229 1332 1290; x_wconf 82' lang='lat' dir='ltr'><strong>tantumn</strong></span> 
     </span>
     <span class='ocr_line' id='line_1_12' title="bbox 266 1307 1294 1390; baseline 0.004 -21"><span class='ocrx_word' id='word_1_81' title='bbox 266 1307 441 1389; x_wconf 84' lang='lat' dir='ltr'><strong>significat,</strong></span> <span class='ocrx_word' id='word_1_82' title='bbox 470 1307 555 1390; x_wconf 89' lang='lat' dir='ltr'><strong>quod</strong></span> <span class='ocrx_word' id='word_1_83' title='bbox 583 1307 619 1370; x_wconf 92' lang='lat' dir='ltr'><strong>in</strong></span> <span class='ocrx_word' id='word_1_84' title='bbox 646 1308 765 1372; x_wconf 89' lang='lat' dir='ltr'><strong>itinere</strong></span> <span class='ocrx_word' id='word_1_85' title='bbox 793 1309 934 1390; x_wconf 74' lang='lat' dir='ltr'><strong>possitus</strong></span> <span class='ocrx_word' id='word_1_86' title='bbox 962 1307 1085 1371; x_wconf 88' lang='lat' dir='ltr'><strong>nullam</strong></span> <span class='ocrx_word' id='word_1_87' title='bbox 1113 1309 1198 1371; x_wconf 85' lang='lat' dir='ltr'><strong>facio</strong></span> <span class='ocrx_word' id='word_1_88' title='bbox 1220 1329 1294 1373; x_wconf 92' lang='lat' dir='ltr'><strong>con·</strong></span> 
     </span>
     <span class='ocr_line' id='line_1_13' title="bbox 265 1389 1294 1475; baseline 0.004 -23"><span class='ocrx_word' id='word_1_89' title='bbox 265 1389 581 1473; x_wconf 86' lang='lat' dir='ltr'><strong>perendinationem,</strong></span> <span class='ocrx_word' id='word_1_90' title='bbox 608 1411 701 1455; x_wconf 80' lang='lat' dir='ltr'><strong>curso</strong></span> <span class='ocrx_word' id='word_1_91' title='bbox 730 1395 839 1455; x_wconf 88' lang='lat' dir='ltr'><strong>autem</strong></span> <span class='ocrx_word' id='word_1_92' title='bbox 866 1391 963 1475; x_wconf 87' lang='lat' dir='ltr'><strong>paulo</strong></span> <span class='ocrx_word' id='word_1_93' title='bbox 992 1391 1086 1455; x_wconf 84' lang='lat' dir='ltr'><strong>citius</strong></span> <span class='ocrx_word' id='word_1_94' title='bbox 1109 1391 1218 1474; x_wconf 85' lang='lat' dir='ltr'><strong>aliqua</strong></span> <span class='ocrx_word' id='word_1_95' title='bbox 1240 1414 1294 1456; x_wconf 90' lang='lat' dir='ltr'><strong>ne-</strong></span> 
     </span>
     <span class='ocr_line' id='line_1_14' title="bbox 265 1474 1294 1559; baseline 0.003 -23"><span class='ocrx_word' id='word_1_96' title='bbox 265 1474 412 1537; x_wconf 71' lang='lat' dir='ltr'><strong>cessitate</strong></span> <span class='ocrx_word' id='word_1_97' title='bbox 436 1476 650 1556; x_wconf 72' lang='lat' dir='ltr'><strong>extorquente</strong></span> <span class='ocrx_word' id='word_1_98' title='bbox 671 1474 827 1539; x_wconf 83' lang='lat' dir='ltr'><strong>festinare</strong></span> <span class='ocrx_word' id='word_1_99' title='bbox 848 1496 962 1559; x_wconf 83' lang='lat' dir='ltr'><strong>cogor,</strong></span> <span class='ocrx_word' id='word_1_100' title='bbox 985 1477 1019 1539; x_wconf 86' lang='lat' dir='ltr'><strong>at</strong></span> <span class='ocrx_word' id='word_1_101' title='bbox 1033 1476 1150 1540; x_wconf 79' lang='lat' dir='ltr'><strong>cursito</strong></span> <span class='ocrx_word' id='word_1_102' title='bbox 1167 1477 1294 1557; x_wconf 87' lang='lat' dir='ltr'><strong>quando</strong></span> 
     </span>
     <span class='ocr_line' id='line_1_15' title="bbox 265 1558 1295 1643; baseline 0.004 -23"><span class='ocrx_word' id='word_1_103' title='bbox 265 1558 357 1621; x_wconf 86' lang='lat' dir='ltr'><strong>hoste</strong></span> <span class='ocrx_word' id='word_1_104' title='bbox 385 1578 436 1620; x_wconf 89' lang='lat' dir='ltr'><strong>me</strong></span> <span class='ocrx_word' id='word_1_105' title='bbox 464 1558 658 1642; x_wconf 86' lang='lat' dir='ltr'><strong>insequente</strong></span> <span class='ocrx_word' id='word_1_106' title='bbox 680 1558 781 1643; x_wconf 81' lang='lat' dir='ltr'><strong>fugio.</strong></span> <span class='ocrx_word' id='word_1_107' title='bbox 826 1559 1038 1642; x_wconf 82' lang='lat' dir='ltr'><strong>inchogatiua</strong></span> <span class='ocrx_word' id='word_1_108' title='bbox 1059 1562 1167 1622; x_wconf 86' lang='lat' dir='ltr'><strong>autem</strong></span> <span class='ocrx_word' id='word_1_109' title='bbox 1188 1559 1295 1624; x_wconf 85' lang='lat' dir='ltr'><strong>forma</strong></span> 
     </span>
     <span class='ocr_line' id='line_1_16' title="bbox 264 1640 1333 1726; baseline 0.002 -22"><span class='ocrx_word' id='word_1_110' title='bbox 264 1640 340 1705; x_wconf 90' lang='lat' dir='ltr'><strong>IIII.</strong></span> <span class='ocrx_word' id='word_1_111' title='bbox 364 1645 429 1723; x_wconf 87' lang='lat' dir='ltr'><strong>est,</strong></span> <span class='ocrx_word' id='word_1_112' title='bbox 453 1663 535 1724; x_wconf 88' lang='lat' dir='ltr'><strong>quae</strong></span> <span class='ocrx_word' id='word_1_113' title='bbox 558 1662 806 1726; x_wconf 84' lang='lat' dir='ltr'><strong>nonnumquam</strong></span> <span class='ocrx_word' id='word_1_114' title='bbox 828 1664 861 1706; x_wconf 90' lang='lat' dir='ltr'><strong>se</strong></span> <span class='ocrx_word' id='word_1_115' title='bbox 875 1641 1032 1706; x_wconf 85' lang='lat' dir='ltr'><strong>mentitur</strong></span> <span class='ocrx_word' id='word_1_116' title='bbox 1052 1641 1292 1726; x_wconf 85' lang='lat' dir='ltr'><strong>inchogatiuam</strong></span> <span class='ocrx_word' id='word_1_117' title='bbox 1309 1667 1333 1706; x_wconf 78' lang='lat' dir='ltr'><strong>rs</strong></span> 
     </span>
     <span class='ocr_line' id='line_1_17' title="bbox 267 1725 1295 1810; baseline 0.003 -22"><span class='ocrx_word' id='word_1_118' title='bbox 267 1746 336 1789; x_wconf 89' lang='lat' dir='ltr'><strong>esse</strong></span> <span class='ocrx_word' id='word_1_119' title='bbox 360 1729 392 1789; x_wconf 91' lang='lat' dir='ltr'><strong>et</strong></span> <span class='ocrx_word' id='word_1_120' title='bbox 414 1746 453 1789; x_wconf 87' lang='lat' dir='ltr'><strong>ex</strong></span> <span class='ocrx_word' id='word_1_121' title='bbox 475 1725 539 1789; x_wconf 91' lang='lat' dir='ltr'><strong>hoc</strong></span> <span class='ocrx_word' id='word_1_122' title='bbox 554 1746 625 1790; x_wconf 90' lang='lat' dir='ltr'><strong>eam</strong></span> <span class='ocrx_word' id='word_1_123' title='bbox 640 1746 707 1790; x_wconf 90' lang='lat' dir='ltr'><strong>non</strong></span> <span class='ocrx_word' id='word_1_124' title='bbox 723 1746 793 1791; x_wconf 86' lang='lat' dir='ltr'><strong>esee</strong></span> <span class='ocrx_word' id='word_1_125' title='bbox 808 1726 1016 1790; x_wconf 82' lang='lat' dir='ltr'><strong>manifestum</strong></span> <span class='ocrx_word' id='word_1_126' title='bbox 1031 1730 1088 1804; x_wconf 86' lang='lat' dir='ltr'><strong>est,</strong></span> <span class='ocrx_word' id='word_1_127' title='bbox 1113 1747 1186 1789; x_wconf 91' lang='lat' dir='ltr'><strong>cum</strong></span> <span class='ocrx_word' id='word_1_128' title='bbox 1203 1743 1295 1810; x_wconf 68' lang='lat' dir='ltr'><strong>prae</strong></span> 
     </span>
     <span class='ocr_line' id='line_1_18' title="bbox 266 1809 1295 1894; baseline 0.003 -22"><span class='ocrx_word' id='word_1_129' title='bbox 266 1809 396 1873; x_wconf 89' lang='lat' dir='ltr'><strong>teritum</strong></span> <span class='ocrx_word' id='word_1_130' title='bbox 420 1813 549 1893; x_wconf 87' lang='lat' dir='ltr'><strong>tempus</strong></span> <span class='ocrx_word' id='word_1_131' title='bbox 563 1809 723 1875; x_wconf 88' lang='lat' dir='ltr'><strong>habuerit.</strong></span> <span class='ocrx_word' id='word_1_132' title='bbox 751 1832 969 1894; x_wconf 85' lang='lat' dir='ltr'><strong>quaecumque</strong></span> <span class='ocrx_word' id='word_1_133' title='bbox 985 1811 1071 1874; x_wconf 88' lang='lat' dir='ltr'><strong>enim</strong></span> <span class='ocrx_word' id='word_1_134' title='bbox 1082 1810 1183 1874; x_wconf 90' lang='lat' dir='ltr'><strong>uerba</strong></span> <span class='ocrx_word' id='word_1_135' title='bbox 1197 1833 1295 1876; x_wconf 88' lang='lat' dir='ltr'><strong>uerae</strong></span> 
     </span>
     <span class='ocr_line' id='line_1_19' title="bbox 266 1893 1294 1978; baseline 0.003 -22"><span class='ocrx_word' id='word_1_136' title='bbox 266 1893 389 1956; x_wconf 82' lang='lat' dir='ltr'><strong>formae</strong></span> <span class='ocrx_word' id='word_1_137' title='bbox 412 1894 644 1977; x_wconf 80' lang='lat' dir='ltr'><strong>inchogatiuee</strong></span> <span class='ocrx_word' id='word_1_138' title='bbox 659 1895 793 1978; x_wconf 88' lang='lat' dir='ltr'><strong>fuerint,</strong></span> <span class='ocrx_word' id='word_1_139' title='bbox 818 1897 852 1958; x_wconf 92' lang='lat' dir='ltr'><strong>in</strong></span> <span class='ocrx_word' id='word_1_140' title='bbox 868 1895 960 1958; x_wconf 85' lang='lat' dir='ltr'><strong>nullo</strong></span> <span class='ocrx_word' id='word_1_141' title='bbox 975 1896 1070 1958; x_wconf 93' lang='lat' dir='ltr'><strong>modo</strong></span> <span class='ocrx_word' id='word_1_142' title='bbox 1083 1895 1294 1976; x_wconf 85' lang='lat' dir='ltr'><strong>praeteritum</strong></span> 
     </span>
     <span class='ocr_line' id='line_1_20' title="bbox 265 1974 1294 2061; baseline 0.003 -21"><span class='ocrx_word' id='word_1_143' title='bbox 265 1982 392 2060; x_wconf 88' lang='lat' dir='ltr'><strong>tempus</strong></span> <span class='ocrx_word' id='word_1_144' title='bbox 417 1974 585 2041; x_wconf 90' lang='lat' dir='ltr'><strong>habebunt</strong></span> <span class='ocrx_word' id='word_1_145' title='bbox 609 1985 642 2040; x_wconf 89' lang='lat' dir='ltr'><strong>et</strong></span> <span class='ocrx_word' id='word_1_146' title='bbox 665 1979 783 2040; x_wconf 90' lang='lat' dir='ltr'><strong>tertiae</strong></span> <span class='ocrx_word' id='word_1_147' title='bbox 809 1978 1046 2061; x_wconf 81' lang='lat' dir='ltr'><strong>coniugationis</strong></span> <span class='ocrx_word' id='word_1_148' title='bbox 1069 1981 1165 2042; x_wconf 89' lang='lat' dir='ltr'><strong>erunt</strong></span> <span class='ocrx_word' id='word_1_149' title='bbox 1183 1982 1221 2041; x_wconf 89' lang='lat' dir='ltr'><strong>ut</strong></span> <span class='ocrx_word' id='word_1_150' title='bbox 1239 1980 1294 2060; x_wconf 71' lang='lat' dir='ltr'><strong>llo·</strong></span> 
     </span>
     <span class='ocr_line' id='line_1_21' title="bbox 265 2060 1333 2140; baseline 0.002 -16"><span class='ocrx_word' id='word_1_151' title='bbox 265 2079 348 2125; x_wconf 81' lang='lat' dir='ltr'><strong>resec</strong></span> <span class='ocrx_word' id='word_1_152' title='bbox 370 2060 484 2125; x_wconf 82' lang='lat' dir='ltr'><strong>luccsco</strong></span> <span class='ocrx_word' id='word_1_153' title='bbox 505 2061 645 2140; x_wconf 73' lang='lat' dir='ltr'><strong>feruesco</strong></span> <span class='ocrx_word' id='word_1_154' title='bbox 665 2062 782 2127; x_wconf 82' lang='lat' dir='ltr'><strong>calesco</strong></span> <span class='ocrx_word' id='word_1_155' title='bbox 798 2065 831 2125; x_wconf 86' lang='lat' dir='ltr'><strong>et</strong></span> <span class='ocrx_word' id='word_1_156' title='bbox 851 2064 967 2125; x_wconf 88' lang='lat' dir='ltr'><strong>cetera.</strong></span> <span class='ocrx_word' id='word_1_157' title='bbox 994 2066 1172 2125; x_wconf 85' lang='lat' dir='ltr'><strong>nascuntur</strong></span> <span class='ocrx_word' id='word_1_158' title='bbox 1186 2067 1293 2126; x_wconf 84' lang='lat' dir='ltr'><strong>autem</strong></span> <span class='ocrx_word' id='word_1_159' title='bbox 1308 2085 1333 2126; x_wconf 74' lang='lat'><strong>20</strong></span> 
     </span>
     <span class='ocr_line' id='line_1_22' title="bbox 265 2143 1296 2229; baseline 0.002 -22"><span class='ocrx_word' id='word_1_160' title='bbox 265 2144 346 2207; x_wconf 86' lang='lat' dir='ltr'><strong>haec</strong></span> <span class='ocrx_word' id='word_1_161' title='bbox 358 2165 396 2207; x_wconf 85' lang='lat' dir='ltr'><strong>ex</strong></span> <span class='ocrx_word' id='word_1_162' title='bbox 407 2143 515 2207; x_wconf 89' lang='lat' dir='ltr'><strong>uerbis</strong></span> <span class='ocrx_word' id='word_1_163' title='bbox 528 2143 688 2209; x_wconf 86' lang='lat' dir='ltr'><strong>secundae</strong></span> <span class='ocrx_word' id='word_1_164' title='bbox 701 2145 940 2229; x_wconf 81' lang='lat' dir='ltr'><strong>coniugationis</strong></span> <span class='ocrx_word' id='word_1_165' title='bbox 951 2145 1073 2209; x_wconf 85' lang='lat' dir='ltr'><strong>formae</strong></span> <span class='ocrx_word' id='word_1_166' title='bbox 1084 2144 1248 2226; x_wconf 87' lang='lat' dir='ltr'><strong>perfectae</strong></span> <span class='ocrx_word' id='word_1_167' title='bbox 1259 2150 1296 2209; x_wconf 87' lang='lat' dir='ltr'><strong>ut</strong></span> 
     </span>
    </p>
   </div>
   <div class='ocr_carea' id='block_1_3' title="bbox 265 2326 1349 2664">
    <p class='ocr_par' dir='ltr' id='par_1_3' title="bbox 265 2326 1349 2664">
     <span class='ocr_line' id='line_1_23' title="bbox 334 2326 1295 2407; baseline 0.001 -25"><span class='ocrx_word' id='word_1_168' title='bbox 334 2334 358 2383; x_wconf 88' lang='lat'><strong>8.</strong></span> <span class='ocrx_word' id='word_1_169' title='bbox 377 2327 450 2382; x_wconf 74' lang='lat' dir='ltr'><strong>Eos.</strong></span> <span class='ocrx_word' id='word_1_170' title='bbox 469 2326 561 2382; x_wconf 84' lang='lat' dir='ltr'><strong>Nono.</strong></span> <span class='ocrx_word' id='word_1_171' title='bbox 603 2329 679 2382; x_wconf 80' lang='lat'><em>.21.·</em></span> <span class='ocrx_word' id='word_1_172' title='bbox 709 2327 781 2380; x_wconf 87' lang='lat' dir='ltr'><strong>Sunt</strong></span> <span class='ocrx_word' id='word_1_173' title='bbox 803 2328 892 2381; x_wconf 88' lang='lat' dir='ltr'><strong>verba</strong></span> <span class='ocrx_word' id='word_1_174' title='bbox 913 2327 1126 2395; x_wconf 77' lang='lat' dir='ltr'><strong>frequentativa</strong></span> <span class='ocrx_word' id='word_1_175' title='bbox 1143 2343 1195 2396; x_wconf 85' lang='lat' dir='ltr'><strong>per</strong></span> <span class='ocrx_word' id='word_1_176' title='bbox 1213 2346 1295 2407; x_wconf 87' lang='lat' dir='ltr'><strong>quos·</strong></span> 
     </span>
     <span class='ocr_line' id='line_1_24' title="bbox 267 2341 1295 2466; baseline 0 -17"><span class='ocrx_word' id='word_1_177' title='bbox 267 2396 331 2449; x_wconf 80' lang='lat' dir='ltr'><strong>dem</strong></span> <span class='ocrx_word' id='word_1_178' title='bbox 350 2395 454 2466; x_wconf 82' lang='lat' dir='ltr'><strong>gradus</strong></span> <span class='ocrx_word' id='word_1_179' title='bbox 472 2395 531 2448; x_wconf 85' lang='lat' dir='ltr'><strong>tam</strong></span> <span class='ocrx_word' id='word_1_180' title='bbox 549 2341 654 2448; x_wconf 37' lang='lat' dir='ltr'><strong>titanis</strong></span> <span class='ocrx_word' id='word_1_181' title='bbox 673 2411 760 2462; x_wconf 91' lang='lat' dir='ltr'><strong>quam</strong></span> <span class='ocrx_word' id='word_1_182' title='bbox 778 2393 955 2448; x_wconf 80' lang='lat' dir='ltr'><strong>intellectum</strong></span> <span class='ocrx_word' id='word_1_183' title='bbox 975 2395 1138 2449; x_wconf 86' lang='lat' dir='ltr'><strong>crescentia.</strong></span> <span class='ocrx_word' id='word_1_184' title='bbox 1176 2395 1295 2449; x_wconf 77' lang='lat' dir='ltr'><strong>dicimus</strong></span> 
     </span>
     <span class='ocr_line' id='line_1_25' title="bbox 267 2460 1295 2530; baseline 0 -14"><span class='ocrx_word' id='word_1_185' title='bbox 267 2476 349 2517; x_wconf 86' lang='lat' dir='ltr'><strong>curro</strong></span> <span class='ocrx_word' id='word_1_186' title='bbox 371 2493 404 2502; x_wconf 97' lang='lat'>-</span> <span class='ocrx_word' id='word_1_187' title='bbox 427 2461 477 2515; x_wconf 85' lang='lat' dir='ltr'><strong>sed</strong></span> <span class='ocrx_word' id='word_1_188' title='bbox 498 2461 553 2514; x_wconf 91' lang='lat' dir='ltr'><strong>hoo</strong></span> <span class='ocrx_word' id='word_1_189' title='bbox 576 2462 674 2514; x_wconf 88' lang='lat' dir='ltr'><strong>tamen</strong></span> <span class='ocrx_word' id='word_1_190' title='bbox 699 2462 840 2530; x_wconf 83' lang='lat' dir='ltr'><strong>significat</strong></span> <span class='ocrx_word' id='word_1_191' title='bbox 865 2476 946 2515; x_wconf 85' lang='lat' dir='ltr'><strong>curro</strong></span> <span class='ocrx_word' id='word_1_192' title='bbox 972 2460 1040 2528; x_wconf 82' lang='lat' dir='ltr'><strong>quia</strong></span> <span class='ocrx_word' id='word_1_193' title='bbox 1060 2461 1162 2515; x_wconf 88' lang='lat' dir='ltr'><strong>itinere</strong></span> <span class='ocrx_word' id='word_1_194' title='bbox 1184 2463 1295 2530; x_wconf 89' lang='lat' dir='ltr'><strong>positus</strong></span> 
     </span>
     <span class='ocr_line' id='line_1_26' title="bbox 266 2527 1295 2596; baseline 0 -14"><span class='ocrx_word' id='word_1_195' title='bbox 266 2529 370 2582; x_wconf 81' lang='lat' dir='ltr'><strong>nullam</strong></span> <span class='ocrx_word' id='word_1_196' title='bbox 393 2543 501 2581; x_wconf 83' lang='lat' dir='ltr'><strong>moram</strong></span> <span class='ocrx_word' id='word_1_197' title='bbox 525 2527 612 2592; x_wconf 82' lang='lat' dir='ltr'><strong>facio,</strong></span> <span class='ocrx_word' id='word_1_198' title='bbox 637 2543 718 2581; x_wconf 87' lang='lat' dir='ltr'><strong>curso</strong></span> <span class='ocrx_word' id='word_1_199' title='bbox 741 2528 828 2595; x_wconf 84' lang='lat' dir='ltr'><strong>paulo</strong></span> <span class='ocrx_word' id='word_1_200' title='bbox 851 2557 884 2566; x_wconf 96' lang='lat'>-</span> <span class='ocrx_word' id='word_1_201' title='bbox 908 2543 993 2596; x_wconf 81' lang='lat' dir='ltr'><strong>cogor</strong></span> <span class='ocrx_word' id='word_1_202' title='bbox 1020 2532 1069 2580; x_wconf 87' lang='lat' dir='ltr'><strong>aut</strong></span> <span class='ocrx_word' id='word_1_203' title='bbox 1092 2529 1196 2581; x_wconf 87' lang='lat' dir='ltr'><strong>cursito</strong></span> <span class='ocrx_word' id='word_1_204' title='bbox 1214 2529 1295 2583; x_wconf 84' lang='lat' dir='ltr'><strong>hoste</strong></span> 
     </span>
     <span class='ocr_line' id='line_1_27' title="bbox 265 2594 1349 2664; baseline -0.008 -16"><span class='ocrx_word' id='word_1_205' title='bbox 265 2595 431 2664; x_wconf 88' lang='lat' dir='ltr'><strong>insequente</strong></span> <span class='ocrx_word' id='word_1_206' title='bbox 449 2594 537 2662; x_wconf 81' lang='lat' dir='ltr'><strong>fugio.</strong></span> <span class='ocrx_word' id='word_1_207' title='bbox 1347 2609 1349 2613; x_wconf 51' lang='lat'><strong><em>¹</em></strong></span> 
     </span>
    </p>
   </div>
   <div class='ocr_carea' id='block_1_4' title="bbox 265 2759 1297 3042">
    <p class='ocr_par' dir='ltr' id='par_1_4' title="bbox 265 2759 1297 3042">
     <span class='ocr_line' id='line_1_28' title="bbox 336 2759 1295 2828; baseline -0.003 -12"><span class='ocrx_word' id='word_1_208' title='bbox 336 2772 347 2816; x_wconf 88' lang='lat'>1</span> <span class='ocrx_word' id='word_1_209' title='bbox 368 2761 484 2815; x_wconf 87' lang='lat' dir='ltr'><strong>clamito</strong></span> <span class='ocrx_word' id='word_1_210' title='bbox 503 2762 530 2828; x_wconf 89' lang='lat' dir='ltr'><strong>(o</strong></span> <span class='ocrx_word' id='word_1_211' title='bbox 548 2761 631 2827; x_wconf 80' lang='lat' dir='ltr'><strong>corr.)</strong></span> <span class='ocrx_word' id='word_1_212' title='bbox 649 2761 694 2813; x_wconf 84' lang='lat' dir='ltr'><strong>tas</strong></span> <span class='ocrx_word' id='word_1_213' title='bbox 713 2760 747 2813; x_wconf 89' lang='lat' dir='ltr'><em>N</em></span> <span class='ocrx_word' id='word_1_214' title='bbox 760 2761 771 2827; x_wconf 82' lang='grc' dir='ltr'><strong>ΙΙ</strong></span> <span class='ocrx_word' id='word_1_215' title='bbox 783 2760 892 2813; x_wconf 84' lang='lat' dir='ltr'><strong>vocitas</strong></span> <span class='ocrx_word' id='word_1_216' title='bbox 909 2759 941 2812; x_wconf 88' lang='lat' dir='ltr'><strong><em>N</em></strong></span> <span class='ocrx_word' id='word_1_217' title='bbox 952 2761 962 2826; x_wconf 84' lang='grc' dir='ltr'><strong>ΙΙ</strong></span> <span class='ocrx_word' id='word_1_218' title='bbox 975 2765 1042 2812; x_wconf 76' lang='grc'><strong>2-4</strong></span> <span class='ocrx_word' id='word_1_219' title='bbox 1060 2762 1228 2814; x_wconf 87' lang='lat' dir='ltr'><strong>sunt-sunt</strong></span> <span class='ocrx_word' id='word_1_220' title='bbox 1244 2777 1295 2815; x_wconf 85' lang='lat' dir='ltr'><strong>om.</strong></span> 
     </span>
     <span class='ocr_line' id='line_1_29' title="bbox 267 2842 1295 2930; baseline -0.002 -14"><span class='ocrx_word' id='word_1_221' title='bbox 267 2862 301 2916; x_wconf 89' lang='lat' dir='ltr'><strong><em>N</em></strong></span> <span class='ocrx_word' id='word_1_222' title='bbox 314 2864 323 2929; x_wconf 86' lang='grc' dir='ltr'><strong>ΙΙ</strong></span> <span class='ocrx_word' id='word_1_223' title='bbox 337 2867 403 2915; x_wconf 80' lang='grc'><strong>4-7</strong></span> <span class='ocrx_word' id='word_1_224' title='bbox 423 2860 500 2913; x_wconf 90' lang='lat' dir='ltr'><strong>enim</strong></span> <span class='ocrx_word' id='word_1_225' title='bbox 519 2861 607 2914; x_wconf 84' lang='lat' dir='ltr'><strong>verba</strong></span> <span class='ocrx_word' id='word_1_226' title='bbox 625 2874 709 2914; x_wconf 82' lang='lat' dir='ltr'><strong>verae</strong></span> <span class='ocrx_word' id='word_1_227' title='bbox 729 2860 836 2914; x_wconf 83' lang='lat' dir='ltr'><strong>formae</strong></span> <span class='ocrx_word' id='word_1_228' title='bbox 855 2848 922 2914; x_wconf 69' lang='lat' dir='ltr'><strong>vido</strong></span> <span class='ocrx_word' id='word_1_229' title='bbox 941 2842 1021 2917; x_wconf 71' lang='lat' dir='ltr'><strong>vidais</strong></span> <span class='ocrx_word' id='word_1_230' title='bbox 1040 2847 1181 2928; x_wconf 55' lang='lat' dir='ltr'><strong>(ueras.)</strong></span> <span class='ocrx_word' id='word_1_231' title='bbox 1204 2860 1239 2914; x_wconf 87' lang='lat' dir='ltr'><em>N</em></span> <span class='ocrx_word' id='word_1_232' title='bbox 1252 2863 1295 2930; x_wconf 84' lang='grc'><strong>115</strong></span> 
     </span>
     <span class='ocr_line' id='line_1_30' title="bbox 265 2943 1297 3042; baseline -0.003 -24"><span class='ocrx_word' id='word_1_233' title='bbox 265 2943 324 3019; x_wconf 77' lang='lat' dir='ltr'><strong>viic</strong></span> <span class='ocrx_word' id='word_1_234' title='bbox 343 2961 383 3030; x_wconf 82' lang='lat' dir='ltr'><strong>P,</strong></span> <span class='ocrx_word' id='word_1_235' title='bbox 403 2961 463 3015; x_wconf 84' lang='lat' dir='ltr'><strong>viso</strong></span> <span class='ocrx_word' id='word_1_236' title='bbox 476 2961 500 3028; x_wconf 90' lang='lat' dir='ltr'><strong>(s</strong></span> <span class='ocrx_word' id='word_1_237' title='bbox 513 2961 593 3028; x_wconf 80' lang='lat' dir='ltr'><strong>corr.)</strong></span> <span class='ocrx_word' id='word_1_238' title='bbox 605 2959 640 3014; x_wconf 88' lang='lat' dir='ltr'><em>N</em></span> <span class='ocrx_word' id='word_1_239' title='bbox 649 2961 659 3029; x_wconf 82' lang='grc' dir='ltr'><strong>ΙΙ</strong></span> <span class='ocrx_word' id='word_1_240' title='bbox 672 2960 751 3015; x_wconf 82' lang='lat' dir='ltr'><strong>visais</strong></span> <span class='ocrx_word' id='word_1_241' title='bbox 763 2961 804 3027; x_wconf 89' lang='lat' dir='ltr'><strong>P,</strong></span> <span class='ocrx_word' id='word_1_242' title='bbox 823 2961 898 3015; x_wconf 87' lang='lat' dir='ltr'><strong>visas</strong></span> <span class='ocrx_word' id='word_1_243' title='bbox 910 2960 957 3014; x_wconf 85' lang='lat' dir='ltr'><strong>vel</strong></span> <span class='ocrx_word' id='word_1_244' title='bbox 970 2959 1037 3013; x_wconf 88' lang='lat' dir='ltr'><strong>visis</strong></span> <span class='ocrx_word' id='word_1_245' title='bbox 1049 2959 1084 3012; x_wconf 95' lang='lat' dir='ltr'><strong><em>N</em></strong></span> <span class='ocrx_word' id='word_1_246' title='bbox 1092 2961 1102 3030; x_wconf 71' lang='grc'><strong>11</strong></span> <span class='ocrx_word' id='word_1_247' title='bbox 1115 2976 1170 3015; x_wconf 93' lang='lat' dir='ltr'><strong>non</strong></span> <span class='ocrx_word' id='word_1_248' title='bbox 1182 2968 1251 3042; x_wconf 72' lang='lat' dir='ltr'><strong>num</strong></span> <span class='ocrx_word' id='word_1_249' title='bbox 1268 2961 1297 3015; x_wconf 90' lang='lat' dir='ltr'><em>P</em></span> 
     </span>
    </p>
   </div>
   <div class='ocr_carea' id='block_1_5' title="bbox 265 3043 1295 3236">
    <p class='ocr_par' dir='ltr' id='par_1_5' title="bbox 265 3043 1295 3236">
     <span class='ocr_line' id='line_1_31' title="bbox 266 3043 1295 3142; baseline 0 -24"><span class='ocrx_word' id='word_1_250' title='bbox 266 3065 270 3134; x_wconf 93' lang='grc' dir='ltr'>Ι</span> <span class='ocrx_word' id='word_1_251' title='bbox 293 3064 331 3123; x_wconf 77' lang='lat' dir='ltr'><strong>ss.</strong></span> <span class='ocrx_word' id='word_1_252' title='bbox 345 3077 470 3116; x_wconf 91' lang='lat' dir='ltr'><strong>nonnum</strong></span> <span class='ocrx_word' id='word_1_253' title='bbox 492 3061 673 3114; x_wconf 86' lang='lat' dir='ltr'><strong>uam-enim</strong></span> <span class='ocrx_word' id='word_1_254' title='bbox 686 3077 738 3116; x_wconf 77' lang='lat' dir='ltr'><strong>orn.</strong></span> <span class='ocrx_word' id='word_1_255' title='bbox 749 3061 784 3114; x_wconf 94' lang='lat' dir='ltr'><strong><em>N</em></strong></span> <span class='ocrx_word' id='word_1_256' title='bbox 792 3063 802 3129; x_wconf 87' lang='grc' dir='ltr'><strong>ΙΙ</strong></span> <span class='ocrx_word' id='word_1_257' title='bbox 815 3065 831 3114; x_wconf 87' lang='grc'><strong>6</strong></span> <span class='ocrx_word' id='word_1_258' title='bbox 844 3061 892 3130; x_wconf 83' lang='lat' dir='ltr'><strong>ex]</strong></span> <span class='ocrx_word' id='word_1_259' title='bbox 904 3048 927 3116; x_wconf 66' lang='lat' dir='ltr'><strong>ts</strong></span> <span class='ocrx_word' id='word_1_260' title='bbox 937 3077 972 3114; x_wconf 86' lang='lat' dir='ltr'><strong>ex</strong></span> <span class='ocrx_word' id='word_1_261' title='bbox 982 3061 1032 3140; x_wconf 70' lang='lat' dir='ltr'>le</span> <span class='ocrx_word' id='word_1_262' title='bbox 1045 3066 1069 3137; x_wconf 82' lang='grc' dir='ltr'><strong>7Ι</strong></span> <span class='ocrx_word' id='word_1_263' title='bbox 1094 3043 1244 3125; x_wconf 68' lang='grc' dir='ltr'>999199ἑΡ</span> <span class='ocrx_word' id='word_1_264' title='bbox 1256 3065 1266 3142; x_wconf 65' lang='lat' dir='ltr'><strong>t!</strong></span> <span class='ocrx_word' id='word_1_265' title='bbox 1279 3070 1295 3118; x_wconf 81' lang='grc'>9</span> 
     </span>
     <span class='ocr_line' id='line_1_32' title="bbox 265 3069 1295 3236; baseline -0.001 -52"><span class='ocrx_word' id='word_1_266' title='bbox 265 3069 357 3184; x_wconf 52' lang='lat' dir='ltr'><strong>&lt;limus</strong></span> <span class='ocrx_word' id='word_1_267' title='bbox 374 3130 402 3184; x_wconf 93' lang='lat' dir='ltr'><strong><em>P</em></strong></span> <span class='ocrx_word' id='word_1_268' title='bbox 414 3129 424 3196; x_wconf 74' lang='lat' dir='ltr'>u</span> <span class='ocrx_word' id='word_1_269' title='bbox 438 3077 579 3236; x_wconf 46' lang='grc' dir='ltr'><strong>ΙοῖΙξὲιιτεο</strong></span> <span class='ocrx_word' id='word_1_270' title='bbox 597 3127 638 3194; x_wconf 87' lang='grc' dir='ltr'><strong>Ρ,</strong></span> <span class='ocrx_word' id='word_1_271' title='bbox 658 3143 709 3184; x_wconf 88' lang='lat' dir='ltr'><strong>om.</strong></span> <span class='ocrx_word' id='word_1_272' title='bbox 729 3128 763 3181; x_wconf 92' lang='lat' dir='ltr'><strong><em>N</em></strong></span> <span class='ocrx_word' id='word_1_273' title='bbox 772 3130 782 3195; x_wconf 78' lang='grc' dir='ltr'><strong>Ιι</strong></span> <span class='ocrx_word' id='word_1_274' title='bbox 796 3134 896 3181; x_wconf 83' lang='lat'>10-14</span> <span class='ocrx_word' id='word_1_275' title='bbox 915 3143 996 3181; x_wconf 88' lang='lat' dir='ltr'><strong>curro</strong></span> <span class='ocrx_word' id='word_1_276' title='bbox 1014 3145 1043 3212; x_wconf 76' lang='lat' dir='ltr'><strong>rn</strong></span> <span class='ocrx_word' id='word_1_277' title='bbox 1061 3078 1170 3180; x_wconf 52' lang='lat' dir='ltr'><strong>rienere</strong></span> <span class='ocrx_word' id='word_1_278' title='bbox 1190 3132 1295 3184; x_wconf 77' lang='lat' dir='ltr'><strong>cursito</strong></span> 
     </span>
    </p>
   </div>
   <div class='ocr_carea' id='block_1_6' title="bbox 265 3243 1295 3462">
    <p class='ocr_par' dir='ltr' id='par_1_6' title="bbox 265 3243 1295 3462">
     <span class='ocr_line' id='line_1_33' title="bbox 265 3243 1295 3364; baseline -0.002 -62"><span class='ocrx_word' id='word_1_279' title='bbox 265 3247 350 3317; x_wconf 92' lang='lat' dir='ltr'><strong>paulo</strong></span> <span class='ocrx_word' id='word_1_280' title='bbox 369 3246 452 3299; x_wconf 82' lang='lat' dir='ltr'><strong>eitius</strong></span> <span class='ocrx_word' id='word_1_281' title='bbox 469 3244 539 3314; x_wconf 60' lang='lat' dir='ltr'><strong>slsis!</strong></span> <span class='ocrx_word' id='word_1_282' title='bbox 554 3244 636 3298; x_wconf 74' lang='lat' dir='ltr'><strong>hoste</strong></span> <span class='ocrx_word' id='word_1_283' title='bbox 652 3243 731 3364; x_wconf 50' lang='lat' dir='ltr'><strong>sussio</strong></span> <span class='ocrx_word' id='word_1_284' title='bbox 749 3245 782 3298; x_wconf 92' lang='lat' dir='ltr'><strong><em>N</em></strong></span> <span class='ocrx_word' id='word_1_285' title='bbox 792 3245 802 3312; x_wconf 79' lang='grc' dir='ltr'><strong>ΙΙ</strong></span> <span class='ocrx_word' id='word_1_286' title='bbox 817 3250 847 3297; x_wconf 88' lang='grc'><strong>11</strong></span> <span class='ocrx_word' id='word_1_287' title='bbox 865 3244 975 3297; x_wconf 84' lang='lat' dir='ltr'><strong>itenere</strong></span> <span class='ocrx_word' id='word_1_288' title='bbox 993 3245 1043 3323; x_wconf 68' lang='lat' dir='ltr'><strong>Pi</strong></span> <span class='ocrx_word' id='word_1_289' title='bbox 1076 3249 1106 3296; x_wconf 83' lang='lat'><strong>14</strong></span> <span class='ocrx_word' id='word_1_290' title='bbox 1123 3245 1153 3297; x_wconf 91' lang='lat' dir='ltr'><strong>in</strong></span> <span class='ocrx_word' id='word_1_291' title='bbox 1164 3245 1295 3314; x_wconf 83' lang='lat' dir='ltr'><strong>qehoga·</strong></span> 
     </span>
     <span class='ocr_line' id='line_1_34' title="bbox 265 3311 1294 3381; baseline -0.002 -13"><span class='ocrx_word' id='word_1_292' title='bbox 265 3315 324 3369; x_wconf 83' lang='lat' dir='ltr'><strong>tiva</strong></span> <span class='ocrx_word' id='word_1_293' title='bbox 336 3314 364 3366; x_wconf 92' lang='lat' dir='ltr'><strong><em>P</em></strong></span> <span class='ocrx_word' id='word_1_294' title='bbox 376 3315 386 3381; x_wconf 86' lang='grc' dir='ltr'><strong>ΙΙ</strong></span> <span class='ocrx_word' id='word_1_295' title='bbox 399 3313 490 3365; x_wconf 86' lang='lat' dir='ltr'><strong>forma</strong></span> <span class='ocrx_word' id='word_1_296' title='bbox 502 3313 599 3365; x_wconf 87' lang='lat' dir='ltr'><strong>autem</strong></span> <span class='ocrx_word' id='word_1_297' title='bbox 610 3311 667 3380; x_wconf 54' lang='lat' dir='ltr'><strong>tiss·</strong></span> <span class='ocrx_word' id='word_1_298' title='bbox 707 3314 734 3365; x_wconf 92' lang='lat' dir='ltr'><strong>st</strong></span> <span class='ocrx_word' id='word_1_299' title='bbox 744 3312 772 3364; x_wconf 94' lang='lat' dir='ltr'><strong><em>P</em></strong></span> <span class='ocrx_word' id='word_1_300' title='bbox 784 3313 794 3379; x_wconf 86' lang='grc' dir='ltr'><strong>ΙΙ</strong></span> <span class='ocrx_word' id='word_1_301' title='bbox 809 3318 840 3365; x_wconf 89' lang='grc'><strong>14</strong></span> <span class='ocrx_word' id='word_1_302' title='bbox 849 3311 869 3367; x_wconf 85' lang='lat' dir='ltr'><strong>f.</strong></span> <span class='ocrx_word' id='word_1_303' title='bbox 887 3311 1051 3365; x_wconf 82' lang='lat' dir='ltr'><strong>inchoativa</strong></span> <span class='ocrx_word' id='word_1_304' title='bbox 1062 3311 1153 3364; x_wconf 86' lang='lat' dir='ltr'><strong>forma</strong></span> <span class='ocrx_word' id='word_1_305' title='bbox 1166 3313 1209 3365; x_wconf 88' lang='lat' dir='ltr'><strong>est</strong></span> <span class='ocrx_word' id='word_1_306' title='bbox 1221 3329 1294 3380; x_wconf 81' lang='lat' dir='ltr'><strong>quoe</strong></span> 
     </span>
     <span class='ocr_line' id='line_1_35' title="bbox 266 3377 1295 3462; baseline -0.003 -27"><span class='ocrx_word' id='word_1_307' title='bbox 266 3379 428 3462; x_wconf 59' lang='lat' dir='ltr'><strong>(tarcum</strong></span> <span class='ocrx_word' id='word_1_308' title='bbox 437 3381 447 3447; x_wconf 82' lang='grc' dir='ltr'><strong>ΙΙ</strong></span> <span class='ocrx_word' id='word_1_309' title='bbox 462 3385 560 3432; x_wconf 75' lang='lat' dir='ltr'><strong>Ionon</strong></span> <span class='ocrx_word' id='word_1_310' title='bbox 569 3379 698 3446; x_wconf 80' lang='lat' dir='ltr'><strong>nirmPll</strong></span> <span class='ocrx_word' id='word_1_311' title='bbox 714 3378 770 3433; x_wconf 74' lang='lat' dir='ltr'><strong>lot.</strong></span> <span class='ocrx_word' id='word_1_312' title='bbox 780 3394 1093 3446; x_wconf 89' lang='lat' dir='ltr'><strong>nonnumquam-cum</strong></span> <span class='ocrx_word' id='word_1_313' title='bbox 1103 3392 1154 3432; x_wconf 86' lang='lat' dir='ltr'><strong>om.</strong></span> <span class='ocrx_word' id='word_1_314' title='bbox 1167 3377 1201 3431; x_wconf 95' lang='lat' dir='ltr'><strong><em>N</em></strong></span> <span class='ocrx_word' id='word_1_315' title='bbox 1210 3380 1219 3446; x_wconf 71' lang='grc'><strong>11</strong></span> <span class='ocrx_word' id='word_1_316' title='bbox 1236 3379 1295 3433; x_wconf 73' lang='grc'>161.</span> 
     </span>
    </p>
   </div>
   <div class='ocr_carea' id='block_1_7' title="bbox 265 3468 1293 3648">
    <p class='ocr_par' dir='ltr' id='par_1_7' title="bbox 265 3468 1293 3648">
     <span class='ocr_line' id='line_1_36' title="bbox 265 3468 1293 3551; baseline -0.006 -14"><span class='ocrx_word' id='word_1_317' title='bbox 265 3468 316 3551; x_wconf 73' lang='lat' dir='ltr'><strong>pe</strong></span> <span class='ocrx_word' id='word_1_318' title='bbox 328 3497 385 3534; x_wconf 79' lang='lat' dir='ltr'><strong>non</strong></span> <span class='ocrx_word' id='word_1_319' title='bbox 397 3479 487 3533; x_wconf 79' lang='lat' dir='ltr'><strong>habes</strong></span> <span class='ocrx_word' id='word_1_320' title='bbox 497 3479 550 3546; x_wconf 78' lang='grc' dir='ltr'><strong>Νιι</strong></span> <span class='ocrx_word' id='word_1_321' title='bbox 566 3483 596 3532; x_wconf 83' lang='lat' dir='ltr'><strong>rs</strong></span> <span class='ocrx_word' id='word_1_322' title='bbox 608 3478 789 3532; x_wconf 70' lang='lat' dir='ltr'><strong>inchoativae</strong></span> <span class='ocrx_word' id='word_1_323' title='bbox 802 3477 855 3546; x_wconf 74' lang='lat' dir='ltr'><strong>Nn</strong></span> <span class='ocrx_word' id='word_1_324' title='bbox 869 3478 897 3530; x_wconf 81' lang='lat' dir='ltr'><strong>in</strong></span> <span class='ocrx_word' id='word_1_325' title='bbox 910 3492 960 3531; x_wconf 70' lang='lat' dir='ltr'><strong>un.</strong></span> <span class='ocrx_word' id='word_1_326' title='bbox 975 3477 1027 3546; x_wconf 73' lang='lat' dir='ltr'><strong>Nn</strong></span> <span class='ocrx_word' id='word_1_327' title='bbox 1042 3483 1073 3531; x_wconf 81' lang='lat'><strong>19</strong></span> <span class='ocrx_word' id='word_1_328' title='bbox 1084 3479 1169 3531; x_wconf 74' lang='lat' dir='ltr'><strong>erunt</strong></span> <span class='ocrx_word' id='word_1_329' title='bbox 1180 3493 1230 3537; x_wconf 81' lang='lat' dir='ltr'><strong>om.</strong></span> <span class='ocrx_word' id='word_1_330' title='bbox 1241 3479 1293 3547; x_wconf 70' lang='grc' dir='ltr'><strong>ΡΗ</strong></span> 
     </span>
     <span class='ocr_line' id='line_1_37' title="bbox 266 3557 1058 3648; baseline -0.001 -12"><span class='ocrx_word' id='word_1_331' title='bbox 266 3587 299 3636; x_wconf 76' lang='grc'><strong>10</strong></span> <span class='ocrx_word' id='word_1_332' title='bbox 312 3598 334 3635; x_wconf 92' lang='lat' dir='ltr'><strong>c.</strong></span> <span class='ocrx_word' id='word_1_333' title='bbox 350 3582 379 3635; x_wconf 87' lang='lat' dir='ltr'><strong>et</strong></span> <span class='ocrx_word' id='word_1_334' title='bbox 392 3582 487 3635; x_wconf 83' lang='lat' dir='ltr'><strong>cetera</strong></span> <span class='ocrx_word' id='word_1_335' title='bbox 498 3594 548 3633; x_wconf 88' lang='lat' dir='ltr'><strong>om.</strong></span> <span class='ocrx_word' id='word_1_336' title='bbox 563 3579 597 3634; x_wconf 91' lang='lat' dir='ltr'><strong><em>N</em></strong></span> <span class='ocrx_word' id='word_1_337' title='bbox 606 3580 616 3648; x_wconf 74' lang='lat' dir='ltr'><strong>t</strong></span> <span class='ocrx_word' id='word_1_338' title='bbox 629 3582 725 3635; x_wconf 86' lang='lat' dir='ltr'><strong>eutem</strong></span> <span class='ocrx_word' id='word_1_339' title='bbox 736 3594 786 3634; x_wconf 89' lang='lat' dir='ltr'><strong>om.</strong></span> <span class='ocrx_word' id='word_1_340' title='bbox 801 3579 835 3634; x_wconf 91' lang='lat' dir='ltr'><strong><em>N</em></strong></span> <span class='ocrx_word' id='word_1_341' title='bbox 844 3580 854 3646; x_wconf 81' lang='grc' dir='ltr'><strong>ιΙ</strong></span> <span class='ocrx_word' id='word_1_342' title='bbox 867 3584 897 3631; x_wconf 73' lang='lat'><strong>21</strong></span> <span class='ocrx_word' id='word_1_343' title='bbox 919 3557 1009 3633; x_wconf 83' lang='lat' dir='ltr'><strong>verbi&#39;</strong></span> <span class='ocrx_word' id='word_1_344' title='bbox 1021 3578 1058 3635; x_wconf 90' lang='lat' dir='ltr'><strong>P.</strong></span> 
     </span>
    </p>
   </div>
   <div class='ocr_carea' id='block_1_8' title="bbox 0 0 1610 4162">
    <p class='ocr_par' dir='ltr' id='par_1_8' title="bbox 0 0 1610 4162">
     <span class='ocr_line' id='line_1_38' title="bbox 0 0 1610 4162; baseline 0 0"><span class='ocrx_word' id='word_1_345' title='bbox 0 0 1610 4162; x_wconf 95' lang='lat' dir='ltr'><strong> </strong></span> 
     </span>
    </p>
   </div>
  </div>
 </body>
</html>
