3210 4162
650 334 687 389 ΙΙ.
717 333 766 388 DE
784 332 929 393 Lissas.

621 537 665 604 11.
704 537 763 603 uu
786 537 959 635 munus.
1021 605 1026 618 ,

213 738 219 748 .,
355 672 467 737 Litera
494 676 545 738 est
571 672 663 737 uelut
685 673 843 756 quaedam
866 673 996 758 legendi
1018 673 1190 755 natiuitas,
1216 675 1302 739 unde

214 755 218 812 ἶ
269 760 303 822 et
336 757 405 822 cius
433 757 635 821 incrementa
662 756 817 822 infantuli
845 780 864 823 e
890 758 1004 824 matris
1037 762 1129 823 utero
1155 779 1303 843 prorum·

214 911 216 916 ,
267 841 376 926 pontis
397 841 557 905 aetatibus
572 862 679 905 meum
697 844 869 906 Aeneam
884 842 1144 925 aequiperauisse
1159 843 1301 906 memini.

219 960 222 987 ;
268 928 306 989 ut
334 925 423 988 enim
450 923 561 988 infans
590 924 709 988 dicitur
736 924 791 1070 qui
818 925 907 1008 loqui
929 925 1051 1004 nescit,
1081 928 1113 988 et
1135 926 1301 1008 paruulus,

268 1029 344 1074 cum
370 1029 472 1091 parua
499 1028 668 1092 gressuum
695 1029 749 1072 mo
763 1008 866 1072 imina
898 1008 1015 1072 nititur
1043 1009 1233 1092 inprimere,
1269 1017 1328 1073 ets

267 1113 349 1176 puer
371 1092 500 1175 quando
528 1093 691 1176 pubescit,
721 1093 912 1157 adulescens
934 1096 1042 1161 autem
1064 1114 1137 1156 cum
1159 1093 1302 1176 proceri·

266 1180 336 1240 tate
369 1176 515 1259 corporis
548 1175 721 1257 adulescit,
754 1177 882 1240 iuuenis
914 1197 993 1240 uero
1027 1197 1101 1240 cum
1129 1176 1300 1242 iuuentute

267 1258 380 1324 adulta
400 1259 525 1343 coiugis
539 1259 635 1323 armis
652 1262 831 1341 ceterisque
848 1260 1037 1323 liberalibus
1052 1259 1167 1324 studiis
1183 1259 1301 1346 dignus

267 1344 322 1422 fit,
354 1345 388 1407 at
416 1342 468 1406 uir
495 1363 568 1406 cum
595 1342 740 1407 omnium
761 1364 915 1407 sensuum
938 1343 1212 1426 consiliorumque
1236 1344 1299 1407 uir·

267 1429 372 1490 tutem
395 1426 612 1490 nanciscitur:
635 1427 682 1490 ita
704 1427 802 1490 etiam
824 1427 920 1490 litera
941 1428 983 1490 ab
998 1427 1079 1510 ipsis
1094 1426 1191 1490 etiam
1207 1448 1299 1490 cerae
1313 1449 1340 1487 ro

270 1509 487 1574 caracteribus
510 1530 609 1591 usque
632 1508 672 1573 ad
695 1529 884 1592 quassorum
908 1511 1181 1593 conpossitionem
1203 1510 1321 1588 hosce¹

268 1593 400 1657 ordines
423 1592 574 1657 directet:
598 1592 756 1676 siquidem
778 1593 890 1656 infans
912 1593 1111 1679 appellatur,
1135 1614 1208 1658 cum
1231 1600 1301 1658 arte

268 1697 338 1741 non
366 1680 473 1753 sonet,
501 1676 565 1740 hiis
594 1675 775 1754 dumtaxat,
803 1697 884 1760 quae
908 1676 1097 1741 caraxandis
1126 1698 1184 1760 per
1212 1697 1301 1741 ceras

269 1760 443 1845 gemmulis
466 1759 586 1824 eisdem
608 1759 767 1837 indicent,
791 1761 928 1843 paruula
949 1781 1026 1824 uero
1051 1765 1101 1824 est
1117 1781 1190 1824 cum
1206 1761 1302 1844 sylla·

269 1845 383 1908 barum
420 1843 610 1926 conglutine
645 1844 803 1927 paulatim
838 1844 1019 1927 gradiatur,
1057 1845 1193 1926 puerula
1226 1865 1300 1907 cum
1314 1862 1339 1902 rs

268 1929 389 2010 pedum
421 1927 583 1991 mensuris
616 1931 756 2010 crescat,
790 1925 1036 1991 adulescentula
1069 1949 1140 1990 cum
1173 1928 1302 2009 poetica

293 2192 300 2202 ‚
337 2126 421 2180 Petri
437 2125 616 2202 commatici
635 2123 1302 2202 excerpto(cf.HoyeciAcccd.Hclo.p.160):

268 2193 379 2246 Littera
398 2219 429 2230 —
449 2206 483 2244 ae
508 2191 659 2268 matris7
677 2191 821 2246 aetatibus
845 2194 1070 2309 aequiperantur
1088 2221 1122 2268 -7
1140 2208 1189 2269 qur
1212 2207 1303 2259 parva

269 2276 289 2329 g
310 2260 324 2326 J
343 2259 357 2327 s
388 2257 436 2327 1111
448 2257 574 2311 olumina
590 2259 693 2311 nititur
710 2259 864 2311 habere-
881 2259 937 2311 ado
950 2273 1048 2310 escens
1061 2274 1135 2310 -1n
1153 2258 1302 2312 iuventute

321 2260 335 2327 l
354 2259 389 2328 ll

269 2258 383 2379 stultae
400 2355 434 2364 -
451 2324 511 2376 iam
529 2323 632 2392 dignus
650 2324 687 2377 ad
705 2353 737 2365 -
756 2325 941 2377 manciscitur
958 2324 1066 2377 virtute
1085 2360 1118 2370 -
1130 2324 1200 2392 ipsis
1219 2339 1301 2377 esrae

269 2422 303 2431 -
326 2407 456 2446 casotum
478 2390 681 2459 compositione
704 2391 812 2458 hosque
835 2391 942 2445 ordinis
968 2421 998 2430 -
1024 2392 1116 2444 artem
1139 2406 1196 2444 non
1220 2393 1302 2445 sonat

269 2459 391 2527 parvola
414 2458 460 2512 vel
482 2487 515 2497 —
537 2457 666 2527 glutinae
687 2458 872 2524 —graditur
894 2460 924 2512 et
946 2474 1011 2510 cum
1030 2487 1062 2496 -
1081 2457 1233 2511 crescit-
1251 2474 1302 2525 per

270 2539 363 2592 pauca
380 2525 473 2578 metra
492 2552 523 2564 —
541 2522 639 2576 sufflat
656 2522 845 2578 adiuvencula
862 2554 896 2564 —
914 2522 1060 2591 quoddam
1072 2526 1250 2592 —capescat
1268 2553 1302 2562 -

269 2591 351 2661 virgo
370 2608 434 2646 cum
452 2606 582 2644 casorum
599 2619 633 2629 -
652 2590 762 2645 doceat.

340 2773 492 2852 1.Litera]
515 2774 596 2828 aetas
618 2771 741 2827 hominis
763 2772 858 2826 infans
877 2773 908 2841 qr
925 2772 972 2826 hic
990 2772 1126 2841 parvulus
1165 2788 1216 2825 uer
1234 2771 1302 2826 ado·

269 2841 379 2894 lescens
395 2839 508 2893 iuvenis
525 2839 568 2894 vir
585 2835 617 2893 N
633 2841 666 2894 iu
683 2855 710 2894 m
729 2883 736 2896 .
754 2855 789 2894 m.
808 2843 828 2894 2
844 2842 855 2908 11
868 2839 983 2894 ouedmi
1002 2838 1036 2892 N
1048 2840 1059 2906 1
1076 2845 1092 2892 2
1110 2788 1254 2917 ujllflsltro
1272 2837 1305 2892 N

267 2921 339 2964 corr.
353 2923 389 2960 m.
406 2907 687 2976 211ρτωιῳεωεηεῑε
738 2909 748 2975 l
761 2915 777 2961 3
795 2922 922 2961 aeneaen
935 2907 963 2959 P
975 2907 985 2972 1
998 2906 1072 2973 aequi
1089 2921 1233 2972 paravisse
1245 2905 1274 2959 P
1287 2907 1300 2972 11

269 2991 364 3028 meum
378 3005 412 3014 -
428 2974 543 3027 memini
562 2989 613 3032 om.
631 2973 663 3028 N
679 2974 689 3041 1
706 2981 722 3027 5
740 2989 859 3042 parvam
876 2974 904 3027 P
921 2974 931 3041 11
948 2974 1056 3027 nitatur
1067 2973 1101 3027 N
1114 2975 1124 3042 11
1140 2973 1303 3042 inprsmere

269 3075 333 3129 ΡΝ
336 3077 342 3110 ¹
356 3077 361 3141 1
384 3080 400 3127 6
418 3043 584 3150 aduleitens
601 3074 642 3140 P,
663 3072 822 3150 aduliscens
838 3073 909 3150 Ν111
942 3073 1084 3127 roeertate
1101 3073 1179 3149 Pili
1199 3072 1304 3125 adulis-

267 3141 357 3196 citN
382 3142 421 3209 18
440 3140 560 3193 caeteris
576 3139 746 3217 Pistuchrs
763 3138 797 3192 N
811 3139 851 3205 19
869 3090 1052 3216 sitl'nque]
1072 3154 1121 3205 qur
1138 3139 1235 3216 Ρ110
1254 3154 1303 3192 an·

273 3207 388 3262 discitur
403 3205 463 3260 PN
475 3207 484 3274 1
499 3212 528 3260 11
544 3204 717 3261 cracteribus
728 3205 769 3270 P,
790 3207 967 3259 carateribus
984 3205 1018 3259 N
1027 3206 1037 3272 11
1051 3206 1301 3274 conposslstionem

269 3277 297 3329 P
310 3278 320 3343 11
334 3279 366 3328 12
376 3276 468 3328 artem
477 3275 505 3328 P
517 3274 527 3341 1
542 3278 573 3326 13
583 3274 664 3328 sanet
673 3272 712 3338 N,
723 3272 789 3338 fort.
801 3272 884 3326 facet
895 3273 938 3326 ecl
950 3273 1031 3327 sonet
1041 3272 1052 3339 1
1064 3271 1108 3324 his
1120 3271 1155 3326 N
1162 3274 1172 3340 1
1185 3271 1235 3339 qui
1247 3270 1306 3324 PV

269 3375 448 3512 qcraxandil
460 3389 501 3452 P,
523 3353 676 3458 carallndis
691 3389 736 3456 N,
757 3387 916 3443 crassendis
935 3387 982 3455 Vll
996 3403 1073 3442 ceras
1091 3388 1169 3453 Mai,
1193 3391 1303 3441 ceteras

297 3458 332 3512 N
333 3479 340 3522 ς
358 3459 521 3526 preceteras
542 3455 589 3526 71
604 3462 635 3509 14
672 3455 795 3509 ambulis
817 3455 843 3509 V
875 3453 1034 3509 hisdemV
1067 3454 1200 3524 indigent
1216 3454 1309 3509 PVN

271 3527 330 3596 1115
348 3523 592 3594 conglutinatione
610 3522 639 3576 P
651 3472 805 3591 {lpallatim
861 3591 867 3601 .

270 3591 422 3662 puerumla
434 3590 468 3646 N
476 3593 487 3661 1
502 3596 532 3644 16
551 3589 712 3645 adulestula
728 3591 769 3657 P,
790 3589 998 3644 aduliscentula
1016 3588 1054 3648 N.

873 3523 883 3591 11
895 3522 1024 3591 graditur
1086 3522 1250 3591 lpueruula
1265 3523 1303 3587 P,
