3210 4162
626 322 686 378 VII.
713 323 762 378 ΒΕ
779 322 1084 381 PRAEPOSI'I'IONE.
1310 328 1372 393 175

340 477 418 542 ordo
445 477 594 561 ratioque
623 476 783 542 dictorum
805 477 980 542 commixta
1002 477 1079 544 sint.
1116 477 1179 542 hoc
1202 497 1280 542 sane
1303 499 1371 544 om·

340 562 436 627 nibus
464 566 551 626 recte
580 561 765 647 legentibus
794 561 888 626 datur
913 560 1079 646 intellegi,
1108 560 1196 708 guod
1224 565 1294 629 sine
1320 563 1371 629 in·

342 645 555 710 conmutabili
583 646 711 710 ratione
733 646 775 709 ad
796 646 830 709 id
852 645 1022 710 refferatur
1066 666 1107 709 uo
1152 646 1302 729 cuiquam
1324 649 1371 712 rei

341 730 472 794 omnino
499 750 566 794 non
597 730 699 813 inest3
732 731 849 811 absque
876 749 953 794 uero
981 729 1020 794 ad
1044 667 1212 813 (duplicem
1241 752 1372 795 sensum

339 815 500 896 pertinet,
525 813 595 878 siue
619 814 687 877 cius
709 815 757 878 rei
779 834 844 896 qua
865 813 937 895 quis
956 813 992 877 in
1008 815 1115 877 totum
1131 818 1235 895 caret,
1257 818 1295 879 ut
1309 813 1370 880 dici
1397 833 1411 873 e

310 927 314 933 ·
341 896 424 961 solet
445 898 607 962 animalia
627 902 704 962 suat
725 899 843 978 absque
862 896 1019 962 intellecta
1041 895 1244 960 intellectum
1260 898 1371 981 utique

340 1000 407 1044 non
429 981 601 1044 habentia:
624 980 695 1044 siue
710 981 794 1061 eius,
818 983 953 1062 excepta
968 1001 1033 1063 qua
1049 982 1173 1044 ceterae
1188 979 1241 1043 uel
1257 982 1371 1046 obscu-

339 1068 453 1127 rantur
482 1064 534 1128 uel
562 1067 743 1147 negantur,
774 1064 827 1127 uel
856 1063 954 1127 etiam
983 1063 1051 1126 eius
1080 1083 1153 1127 cum
1184 1085 1247 1147 qua
1274 1065 1371 1129 simul

340 1147 449 1230 aliqua
470 1147 687 1212 uindicantur.

426 1231 531 1294 Multa
555 1235 635 1295 sunt
656 1230 752 1293 huius
773 1229 821 1292 rei
843 1229 990 1312 exempla
1011 1229 1103 1293 iuxta
1124 1228 1205 1292 illud
1228 1231 1314 1313 quod
1339 1235 1371 1295 et
1385 1250 1410 1289 ιο

340 1333 400 1396 ego
432 1313 586 1378 hesterno
620 1313 763 1378 feceram
796 1333 897 1393 anno,
934 1332 1007 1375 cum
1041 1311 1161 1376 librum
1191 1312 1231 1376 de
1258 1314 1371 1378 mundi

341 1398 503 1461 creatione
537 1398 806 1462 commentarium
842 1395 995 1460 aduersus
1026 1416 1171 1480 paganos
1203 1396 1368 1476 ediderim,

341 1481 429 1544 cuius
458 1481 655 1565 principium
684 1484 750 1544 est:
780 1480 897 1560 absque
925 1481 980 1544 deo
1006 1480 1116 1544 nullas
1137 1485 1183 1544 esc
1204 1481 1285 1558 solo,
1315 1484 1371 1561 qai

340 1567 450 1628 omnio
477 1569 573 1629 creat.
616 1564 684 1629 hiic
711 1566 761 1628 est
788 1563 971 1627 obscuratio
1001 1565 1036 1626 et
1060 1563 1195 1646 ‚negatio
1218 1562 1315 1627 simul
1338 1570 1371 1628 ct

339 1647 482 1712 laudatio
506 1649 708 1713 continetur:
738 1648 846 1711 cuncti
869 1647 957 1710 enim
980 1645 1024 1709 dii
1047 1648 1101 1729 qui
1125 1647 1291 1727 dicuntur,
1315 1650 1409 1712 ob·1s

340 1736 512 1796 scurantur
534 1735 568 1796 et
585 1735 762 1816 negantur,
787 1734 820 1795 et
834 1729 937 1794 solum
953 1731 1100 1794 omnium
1115 1729 1265 1795 laudatur
1281 1733 1368 1796 deus.

340 1813 427 1878 hunc
456 1836 586 1879 sensum
615 1815 716 1879 habet
737 1819 770 1877 et
785 1819 930 1896 praeter,
961 1815 1138 1878 secundum
1160 1813 1242 1877 illud
1263 1816 1370 1880 aalide

337 1904 466 1979 praeter
487 1904 516 1964 te
536 1917 574 1964 sa
605 1901 632 1962 t.
670 1900 705 1961 in
733 1919 771 1962 eo
794 1900 902 1960 autem
924 1897 1010 1979 quod
1033 1897 1216 1960 Andreas
1240 1899 1368 1980 quidam

340 1982 468 2045 scribsit
497 1983 536 2045 de
591 1981 691 2065 yrrho
726 1983 842 2061 absque
869 1979 987 2045 Assioe
1020 1981 1128 2063 inquit
1159 1981 1300 2060 atritas,
1334 1984 1371 2046 ia

339 2067 540 2131 comitatibus
554 2065 669 2131 habuit
685 2063 721 2128 X
734 2064 841 2142 milia,
859 2064 920 2128 hoc
936 2064 1028 2146 <est>
1043 2063 1151 2127 dicere
1167 2085 1238 2128 cam
1253 2066 1370 2129 Asaiae
1383 2084 1408 2123 2⁰

339 2150 474 2213 caritas.
511 2154 603 2214 tereus
617 2170 637 2212 a
651 2149 764 2212 multis
779 2147 958 2230 subpositio
965 2194 976 2228 ,
999 2168 1037 2211 eo
1052 2146 1136 2229 quod
1152 2147 1368 2231 subiungitur,

339 2232 386 2294 sic
408 2236 559 2313 uocatur,
589 2236 627 2295 ut
650 2231 787 2295 dicimus
808 2235 896 2295 nocte
918 2235 1017 2294 tenus.
1057 2234 1090 2294 et
1113 2231 1283 2313 conposita
1306 2252 1370 2312 qaia

340 2315 603 2379 coniunctionem
626 2335 665 2378 ex
683 2336 717 2378 se
731 2313 839 2378 reddit
854 2313 1030 2390 causalem,
1051 2316 1089 2377 ut
1103 2318 1260 2394 quatenos
1274 2315 1369 2394 dicat,

338 2398 398 2461 hoc
427 2402 476 2461 est
504 2418 667 2478 usquequo
695 2399 791 2463 dicat.
830 2401 904 2462 onte
932 2417 1060 2479 quoque
1089 2396 1250 2478 duplicem
1271 2397 1370 2462 habet

338 2502 486 2544 sensum:
515 2482 584 2545 siue
612 2483 700 2544 enim
729 2483 768 2544 de
796 2480 970 2543 anteritate
992 2480 1148 2561 temporis
1171 2480 1304 2562 dicitur,
1332 2484 1369 2544 ut
1382 2499 1407 2540 rs

338 2564 417 2628 illud
442 2570 515 2630 cate
536 2565 642 2630 secula
661 2563 746 2645 fait,·
775 2564 844 2627 siue
867 2563 963 2627 etiam
986 2584 1046 2647 pro
1069 2583 1177 2628 coram
1200 2564 1366 2647 accipitur,

339 2648 492 2712 utillud:
516 2655 590 2713 uate
612 2649 757 2713 tmtaaal
778 2648 902 2713 sedebat
922 2646 986 2710 hoc
1008 2650 1059 2711 est
1077 2666 1186 2712 coram
1201 2648 1366 2712 tribunali.

338 2733 456 2796 ciracm
485 2735 517 2794 et
545 2735 632 2797 circa
661 2735 694 2794 et
720 2751 797 2813 erqo
825 2752 844 2794 a
871 2730 964 2794 nobis
993 2730 1118 2813 pridem
1142 2730 1218 2812 quid
1242 2731 1370 2794 intersit

339 2819 413 2878 ante
443 2815 626 2899 expositum
656 2819 712 2879 est.
762 2815 871 2896 itaque
901 2813 939 2877 de
964 2814 1258 2896 praepositionibus
1287 2812 1367 2878 haec
1450 2893 1452 2897 ¹

338 2900 480 2962 breuiter
503 2898 581 2962 satis
604 2898 711 2962 edicta
733 2899 822 2961 fiant.
1381 2925 1407 2965 ³0

405 3121 420 3167 2
439 3112 637 3169 incomutabili
655 3115 689 3168 N
698 3116 738 3182 117
757 3112 890 3301 einerei
908 3112 976 3166 add.
995 3112 1060 3166 Mai
1072 3114 1111 3180 {18
1130 3113 1206 3181 cum]
1227 3129 1293 3165 eum
1310 3113 1344 3166 N
1353 3113 1365 3177 ΙΙ

338 3188 353 3235 9
372 3181 533 3235 vindicatur
543 3181 579 3235 N
587 3183 597 3250 ΙΙ
612 3188 640 3233 11
657 3182 769 3234 esterno
781 3179 815 3232 N
829 3182 834 3247 Ι
849 3186 879 3232 12
892 3179 1132 3233 cdmentatorium
1145 3177 1180 3236 N
1187 3181 1198 3258 ΙΙ
1211 3179 1367 3233 aediderim

338 3247 626 3325 Nlll4l1¹101l7lll8
665 3248 799 3302 raeterite
855 3245 1298 3325 lquidemNcorrMacssleP
1319 3261 1365 3324 rro

338 3314 371 3367 N
379 3315 522 3393 ll‚A⁸1st‚N
536 3330 606 3369 corr.
652 3315 685 3368 oi
696 3317 753 3434 lm
771 3315 815 3367 est
832 3331 850 3366 a
871 3313 899 3366 d.
912 3313 978 3366 Mae
989 3314 1046 3433 'kat
1063 3314 1139 3366 mter
1156 3329 1263 3366 circum
1309 3328 1340 3365 aa
1351 3311 1365 3381 ΙΙ

337 3388 370 3435 »29
388 3383 521 3435 intersint
539 3381 572 3435 N
581 3383 591 3450 ΙΙ
605 3380 699 3434 EXPL
715 3379 773 3434 OIT
791 3379 949 3433 SEPTIMA
968 3380 991 3432 D
1034 3377 1339 3437 PRAEPOSITIONE.
