3210 4162
214 264 275 331 136
443 260 599 318 VIRGILII
617 259 783 316 MARONIS
800 259 1011 315 EPISTOLAE.

210 416 325 480 studiis
358 413 430 478 nati
459 413 669 496 educatique,
703 416 741 476 ut
768 411 947 495 sapientiae
976 411 1079 494 ipsius
1108 431 1238 477 consue·

209 499 357 564 tudinem
379 498 490 563 fideles
514 496 618 562 adhuc
640 496 836 579 retinerent,
860 496 1008 561 uidentes
1029 494 1236 562 ecclesiastici

211 584 361 648 doctores
389 602 457 645 non
480 581 624 727 potuisse
646 602 701 645 eos
723 580 765 644 ab
787 580 851 644 hac
874 601 970 664 quam
994 584 1169 662 coeperant
1189 581 1237 644 in·

209 666 356 731 tentione
386 664 479 730 deuel
494 664 521 749 i,
552 663 648 728 simul
681 663 779 727 etiam
809 664 884 748 quia
911 663 1052 727 maxima
1079 685 1118 727 ex
1145 668 1238 747 parte

182 751 398 834 coloquentes
430 748 492 812 uiri
521 749 560 812 ad
596 746 810 831 conponenda
843 748 1049 830 ornandaque
1077 749 1237 830 <scripta>

209 837 319 898 essent
346 832 473 896 celestis
497 839 529 896 et
552 831 681 895 diuinae
703 831 881 914 sapientiae
906 830 1084 914 profuturi,
1113 832 1139 893 si
1162 851 1236 896 con-

208 918 295 981 uersi
323 915 364 980 sd
387 915 564 979 Dominum
594 919 627 980 et
654 915 688 978 in
712 936 770 978 sua
799 915 982 998 eloquentia
1009 917 1238 996 permanentes

208 1022 311 1084 praua
345 1000 384 1062 ad
426 1003 515 1063 recta
548 998 654 1062 studia
685 1002 867 1079 uerterent,
903 997 966 1062 hoc
1000 997 1237 1062 consultissime

209 1086 412 1163 statuerunt,
436 1087 473 1148 ut
494 1082 619 1147 duabus
642 1081 782 1146 librariis
799 1081 991 1164 conpositis,
1014 1103 1079 1145 una
1092 1080 1237 1145 fidelium

170 1190 195 1229 ro
209 1166 476 1250 philosophorum
506 1166 605 1230 libros
638 1172 672 1230 et
700 1166 801 1230 altera
822 1165 994 1249 gentilium
1017 1165 1140 1247 scripta
1162 1185 1236 1230 con-

208 1250 344 1327 tineret,
375 1270 417 1312 ne
443 1248 592 1312 fidelibus
621 1247 764 1312 infidelia
794 1248 1030 1312 conmiscentes
1059 1248 1151 1311 nulla
1174 1249 1236 1311 dis·

209 1333 308 1397 cretio
338 1333 426 1396 inter
452 1332 574 1396 munda
601 1331 692 1395 ficret
714 1336 747 1397 et
767 1331 939 1414 inmunda,
970 1333 1006 1394 ut
1027 1332 1055 1394 si
1079 1332 1148 1412 quis
1171 1330 1236 1396 uel-

206 1416 254 1481 let
282 1415 416 1501 gentilis
445 1416 567 1500 legere,
596 1418 720 1479 semota
748 1413 892 1478 haberet.
931 1414 987 1478 sed
1009 1413 1088 1478 haec
1111 1415 1150 1478 de
1173 1414 1237 1478 hiis

208 1499 286 1563 satis
309 1499 384 1563 sint.

170 1603 195 1644 rs
294 1581 392 1646 Nunc
421 1580 679 1644 deformatione
702 1581 810 1661 uerbi,
840 1602 936 1664 quam
959 1579 1134 1644 secundam
1157 1580 1237 1644 dixi-

207 1663 1098 1813 lltlffttrffttdtlltttllnttmlttt
1117 1664 1238 1812 tttt

207 1833 327 1895 usitate
358 1835 512 1915 quattuor
541 1852 609 1895 esse
639 1831 803 1896 dicuntur:
834 1831 890 1895 sed
913 1830 993 1893 mihi
1016 1851 1085 1894 esse
1108 1831 1237 1895 uidetur

208 1914 424 1996 contrarium,
454 1915 483 1978 si
511 1915 615 1978 forma
644 1914 769 1979 dicatur
796 1914 852 1978 illa
881 1913 1106 1978 declinationis
1134 1915 1236 1978 totius

169 1998 378 2081 soperfectio,
416 2020 488 2061 cum
517 1998 621 2062 forma
648 2018 716 2062 non
745 1999 785 2061 ad
814 1998 1082 2075 declinationem,
1112 1999 1167 2061 sed
1195 1998 1236 2061 ad

208 2081 373 2177 quandam
401 2082 621 2144 similitudinis
650 2082 843 2144 diriuatiuae
873 2080 1142 2164 imaginationem
1165 2102 1235 2163 per-

205 2169 312 2226 tinere
325 2163 494 2228 'credenda
516 2167 576 2228 est.
614 2164 736 2228 formae
759 2184 835 2247 ergo
858 2167 935 2227 sunt
957 2164 1122 2227 euidentes
1138 2167 1236 2247 atque

206 2248 363 2330 usitatae,
387 2268 522 2330 quarum
544 2247 651 2394 prima
672 2247 910 2332 frequentatiua
924 2248 1125 2329 nominatum
1149 2246 1236 2330 quod

206 2333 241 2394 in
258 2331 467 2416 Galbungi
489 2353 576 2396 scca
597 2333 680 2396 sumi
702 2353 770 2397 non
793 2335 863 2396 erat
884 2331 1035 2412 solitum,
1058 2331 1115 2395 sed
1129 2331 1235 2416 magis

167 2437 192 2478 as
206 2414 401 2479 adiectiuam
425 2417 531 2478 dicere
550 2419 766 2496 consuerunt,
790 2414 933 2480 dicentes
955 2437 1025 2479 eam
1044 2436 1112 2478 non
1132 2415 1235 2479 literis

206 2498 318 2582 modo,
343 2519 456 2561 uerum
479 2499 577 2561 etiam
599 2498 747 2562 sensibus
770 2498 971 2562 adiciendam
988 2518 1066 2562 esse.
1104 2497 1235 2581 quidam

205 2601 275 2644 non
309 2580 502 2645 adiectiuam
537 2580 592 2645 sed
626 2581 895 2645 accumulatiuam
923 2583 1127 2646 uocitarunt:
1161 2602 1232 2644 curn

206 2664 293 2726 enim
324 2664 405 2728 dicis
432 2665 554 2745 alolde,
584 2664 644 2728 hoc
670 2665 817 2747 intellegi
840 2665 913 2748 das,
943 2666 1036 2747 quasi
1059 2664 1092 2727 id
1115 2664 1234 2727 dixeris

206 2749 311 2828 crucis
338 2767 376 2811 ac
404 2749 507 2830 mayis
535 2749 638 2812 uinco.
675 2751 752 2810 sunt
780 2748 835 2829 qui
863 2747 1106 2830 frequentatiua
1127 2747 1234 2810 forma

165 2855 192 2896 sc
205 2829 253 2893 sic
275 2833 429 2909 utuntur,
453 2830 481 2892 si
503 2829 588 2893 idem
610 2831 744 2894 uerbum
767 2831 883 2894 iterato
905 2831 1044 2895 scribere
1060 2830 1234 2895 uoluerunt

205 2917 243 2976 ut
263 2915 359 2978 clueo
381 2915 492 2979 uinco:
515 2913 602 2997 quod
620 2914 751 2997 quidam
766 2919 860 2997 turpe
875 2917 1044 2997 putantes,
1068 2913 1095 2977 si
1111 2917 1234 2977 utrum-

205 3015 267 3079 que
291 2996 425 3061 uerbum
448 2997 610 3082 integrum
633 2997 793 3076 scribant,
822 2998 916 3061 foede
939 3002 1049 3061 tamen
1072 2996 1232 3061 scribendi

204 3077 267 3142 hcc
296 3079 505 3144 moderantur
531 3079 627 3143 modo
656 3081 799 3145 dicentes
825 3083 972 3146 cinciaco
995 3082 1026 3145 et
1049 3081 1084 3144 in
1106 3087 1232 3163 praete-

276 3283 289 3329 1
308 3278 477 3345 edocatique
495 3279 530 3333 N
542 3281 582 3346 1Ιῦ
599 3279 705 3346 scripta
721 3293 771 3334 orn.
790 3280 824 3334 N
837 3283 876 3348 ll8
893 3296 984 3349 prava
1001 3281 1030 3334 ct
1047 3278 1081 3333 N
1090 3279 1100 3347 ΙΙ
1114 3283 1129 3332 9
1147 3278 1233 3332 libra·

204 3375 253 3429 ss
269 3376 348 3455 urar,
367 3376 448 3430 nara
465 3377 500 3456 rr
518 3379 524 3445 l
542 3385 573 3430 11
591 3377 718 3432 infidelio
736 3379 789 3447 uu
805 3387 834 3432 12
852 3349 961 3432 llunca
977 3380 1011 3434 Ν
1025 3381 1035 3446 l
1057 3385 1086 3432 13
1105 3378 1219 3447 genna

204 3443 420 3564 {puppllirplgorlrvi
430 3444 495 3498 Mac
531 3446 641 3498 sanctu
653 3446 687 3500 N
696 3447 707 3513 ll
721 3452 752 3500 1⁷
769 3446 933 3501 inclinanda
944 3446 978 3501 N
987 3448 997 3515 ΙΙ
1010 3451 1043 3500 20
1054 3445 1163 3498 formae
1176 3444 1210 3498 N
1217 3445 1221 3509 Ι
