3210 4162
255 291 315 355 138
482 288 638 345 VIRGILII
656 287 824 345 MARONIS
842 286 1053 343 EPISTOLAE.

252 441 370 507 initiis:
405 444 556 508 conuecti
584 443 711 507 domiuo
737 441 868 506 Scocoo.
906 441 1056 505 conuecti
1083 440 1193 524 posuit
1220 460 1279 524 pro

253 528 388 594 concuti.

338 609 555 695 Inchogatiua
576 610 681 672 forma
703 612 755 673 est
776 628 856 692 quae
871 606 1041 692 inchogari
1058 607 1202 690 quidem,
1226 608 1281 671 sed

253 715 321 758 non
349 693 436 757 finiri
466 693 604 757 uidetur.
643 692 773 776 quidam
796 712 861 755 non
884 690 1127 773 inobogatiuam
1150 692 1206 755 sed
1229 691 1282 755 de·

147 848 149 855 s
226 778 408 842 electiuam
437 776 554 841 uolunt
582 777 692 840 uocari
720 776 875 857 formam,
905 775 990 857 quod
1012 773 1138 839 scilicet
1159 779 1283 858 tempo·

253 862 343 925 ribus
372 860 524 944 difficiat3
554 859 639 942 quod
661 865 695 923 et
717 879 778 944 ego
802 879 928 942 quoque
949 879 1147 941 magnopere
1169 861 1283 924 adsen-

254 945 328 1008 tior.
368 943 499 1027 quidam
528 947 636 1008 tamen
666 942 750 1007 hanc
780 943 918 1006 formam
944 940 1042 1006 incho
1068 942 1188 1006 stiuam
1216 963 1283 1006 non

254 1029 297 1093 ob
328 1027 390 1091 hoc
423 1028 592 1091 dicendam
629 1031 762 1110 putant,
796 1025 882 1110 quod
914 962 1112 1108 temporibus
1146 1026 1283 1091 difficiat

253 1111 470 1194 declinandis,
494 1133 568 1176 oum
591 1132 666 1194 sepe
688 1111 852 1194 repperire
875 1131 908 1175 se
929 1109 1040 1174 dicant
1055 1111 1170 1176 calesco
1186 1111 1281 1189 colui,

215 1218 240 1258 ιο
251 1198 390 1276 feruesco
403 1194 527 1278 ferum,
550 1214 706 1260 marcesco
720 1201 859 1271 morcui,
883 1195 1016 1274 liquesco
1032 1195 1126 1277 liqui,
1142 1213 1282 1260 sorcesco

253 1280 376 1355 eareat,
400 1283 517 1345 tocesco
539 1280 640 1360 tucoi3
674 1278 728 1342 sed
750 1278 903 1361 quoniam
925 1278 1104 1360 praesentia
1126 1278 1283 1361 temporis

254 1362 403 1426 litteralis
427 1361 597 1426 declinatio
621 1383 640 1424 a
662 1361 837 1445 praeterito
859 1358 1041 1442 discrepare
1064 1359 1208 1444 uidetur,
1235 1362 1282 1424 id·

254 1446 340 1509 circo
369 1445 612 1529 incbogatiuam
634 1445 797 1509 nominari
821 1442 935 1508 debere
959 1448 1125 1508 censeunt.
1164 1444 1283 1528 quibus

255 1551 293 1592 ex
315 1529 472 1592 maiorum
494 1528 670 1592 traditione
684 1528 838 1592 facillime
853 1527 1116 1610 respondebimus
1131 1548 1199 1591 non
1213 1548 1283 1592 esse

218 1611 340 1676 rohanc
367 1612 527 1676 rationem
556 1633 680 1691 ueram,
711 1616 747 1676 ut
775 1632 814 1674 ex
841 1611 904 1674 hiis
933 1610 1040 1675 uerbis
1069 1631 1150 1694 quae
1171 1610 1284 1675 incho-

255 1695 385 1780 gatiuse
407 1694 531 1759 formae
554 1699 644 1772 sunt,
674 1696 852 1778 praeterita
873 1698 1020 1777 tempora
1043 1695 1134 1759 nasci
1157 1695 1284 1759 soleant

256 1784 292 1844 ut
324 1785 440 1844 taceaco
474 1781 571 1845 tacui.
615 1779 760 1862 alioquin
786 1779 867 1843 haec
894 1779 992 1842 uerba
1019 1780 1179 1843 secundae
1209 1799 1285 1842 con·

255 1863 447 1946 legationis,
472 1863 553 1947 (de)
576 1883 639 1945 qua
662 1862 778 1926 dicturi
802 1882 927 1945 sumus,
961 1862 1045 1945 quod
1073 1863 1283 1945 praeteritum

255 1949 382 2027 tempus
411 1945 577 2010 habebunt
605 1949 642 2010 ut
669 1951 753 2011 taceo
782 1965 905 2011 marceo
931 1964 1038 2009 sorceo
1062 1946 1171 2024 serum
1200 1946 1284 2011 caleo

216 2049 242 2090 eo
256 2035 288 2093 et
321 2034 446 2107 cetera,
480 2051 561 2111 quae
594 2030 708 2112 procul
738 2029 879 2112 (dubio)
908 2029 1120 2111 praeteritum
1155 2033 1284 2111 tempus

254 2112 372 2176 habere
401 2132 531 2176 necesse
562 2116 619 2176 est.
661 2111 872 2258 inchogatiua
900 2132 977 2196 ergo
1007 2112 1110 2175 uerba
1139 2112 1199 2176 boo
1217 2111 1284 2183 rite

255 2195 392 2259 dicenda
422 2200 514 2277 sunt,
544 2216 626 2278 quae
660 2216 733 2259 cum
783 2195 916 2259 colinari
946 2195 1109 2276 praesenti
1136 2198 1283 2278 tempore

256 2280 438 2362 coeperint,
456 2279 630 2360 praeterito
646 2283 756 2342 temen
771 2283 916 2361 tempore
932 2278 1075 2343 difficere
1091 2283 1282 2344 noscuntur.

340 2362 390 2427 De
418 2362 469 2426 his
493 2363 607 2427 formis
630 2363 802 2426 uerborum
827 2364 914 2426 inter
936 2361 1132 2447 Regulum
1156 2364 1283 2446 Cappa·

215 2445 370 2509 nodosum
399 2450 432 2509 et
454 2445 642 2510 Sedulum
663 2445 850 2509 Romanum
878 2465 945 2508 non
974 2447 1109 2510 minima
1129 2447 1285 2529 quaestio

255 2528 366 2592 habita
395 2532 460 2608 est,
489 2549 573 2611 quae
604 2548 705 2611 usque
727 2529 768 2591 ad
790 2527 969 2614 gladiorum
993 2549 1075 2610 pene
1098 2530 1283 2594 conflictum

255 2613 414 2692 peruenit.
444 2612 627 2694 quindecim
651 2633 790 2694 namque
804 2612 956 2675 noctibus
972 2613 1171 2695 totidemque
1187 2613 1283 2676 simul

255 2696 367 2758 diebus
395 2696 561 2759 insomnes
590 2697 623 2758 et
649 2694 782 2777 indapes
810 2716 970 2776 mansere,
1000 2695 1103 2759 tribus
1125 2695 1283 2760 militibus

255 2778 416 2861 utrimque
444 2778 592 2861 sumptio.
631 2777 809 2861 Regulus
838 2779 923 2841 enim
947 2778 1005 2840 has
1028 2779 1149 2842 formas
1171 2780 1284 2843 uerbo-

217 2880 327 2925 sorum
356 2861 428 2925 aliis
456 2862 659 2942 nominibus,
691 2860 762 2925 aliis
796 2882 921 2945 quoque
943 2863 1179 2944 intellectibus,
1211 2863 1283 2927 aliis

255 2946 352 3010 etiam
381 2967 479 3030 quam
507 2966 568 3009 nos
595 2947 630 3009 in
652 2967 711 3009 usu
734 2945 890 3009 habemus
913 2947 1081 3010 uocitabat
1101 2947 1283 3011 rationibus

255 3029 371 3093 debere
401 3029 559 3112 intellegi.
596 3029 733 3092 formam
760 3050 899 3111 namque
921 3028 1192 3112 frequentatiuam
1215 3050 1283 3092 oru-

254 3112 350 3175 nibus
373 3112 468 3175 simul
491 3112 600 3175 uerbis
623 3111 776 3176 accedere
797 3133 894 3195 posse
917 3110 1126 3194 adfirmabat3
1155 3132 1284 3176 necnon

324 3283 335 3329 1
356 3277 436 3330 initis
454 3277 489 3331 N
503 3292 572 3330 corr.
590 3276 656 3330 Mai
668 3278 678 3344 ΙΙ
691 3277 801 3330 Seneno
820 3277 864 3342 N,
888 3277 993 3331 Sereno
1010 3278 1077 3332 Mai
1089 3279 1128 3346 118
1145 3279 1283 3346 temporis

256 3342 289 3395 N
303 3344 313 3411 ll
328 3349 360 3396 13
376 3340 570 3422 incogativarn
587 3342 621 3396 N
634 3344 645 3423 i
664 3349 694 3396 Π
714 3341 932 3412 coniugationis]
950 3343 1015 3410 fort.
1034 3346 1128 3398 essent
1144 3345 1213 3398 add.
1228 3346 1238 3412 ΙΙ
1251 3351 1284 3399 20

255 3410 365 3478 procul]
387 3410 474 3465 dubio
492 3410 706 3478 accuratum
724 3410 829 3463 inchoa
845 3410 879 3464 N
888 3412 898 3478 ΙΙ
911 3417 944 3465 26
961 3411 1067 3466 habeta
1079 3410 1113 3465 N
1146 3417 1178 3466 28
1196 3411 1284 3480 indap

255 3492 385 3530 mansere
403 3476 437 3531 N
451 3479 461 3545 [Ι
478 3475 629 3545 militibus]
648 3476 763 3530 milibus
780 3476 814 3531 N
828 3479 838 3545 ll
856 3479 1058 3546 neutrumque
1077 3478 1110 3532 N
1130 3480 1181 3546 130
1199 3479 1282 3533 intel·

255 3543 345 3598 lectus
362 3544 397 3599 N
406 3545 416 3613 ΙΙ
429 3551 460 3600 31
480 3560 530 3598 nos
550 3560 635 3613 quam
653 3544 688 3598 N
702 3558 770 3600 coer.
789 3545 862 3601 Mai.
