3210 4162
638 326 699 382 vu.
727 325 778 381 na
796 325 929 388 unane.
1259 333 1303 399 55

265 478 440 562 septimum
464 499 591 544 cassum
613 484 650 545 ut
670 479 798 547 uiuitur
819 480 930 546 ermis.
975 483 1009 544 et
1033 502 1109 546 uero
1133 483 1301 567 passiuum

267 563 402 628 uerbum
424 563 453 628 si
475 563 530 645 sit,
552 584 673 630 nomen
695 562 839 628 adtrahit
860 564 952 628 iuxta
973 564 1055 629 illud
1079 565 1228 666 Glsngi
1250 570 1301 634 iu-

268 647 416 714 testc'aum
442 671 464 716 a
486 647 648 716 Romanis
673 648 797 733 cetur
824 648 946 714 bellnam.
990 650 1095 715 multa
1122 651 1162 717 de
1191 673 1301 736 mper-

267 733 373 797 sonali
394 733 489 798 modo
511 733 621 799 dixere
650 736 792 814 ueteres,
816 753 855 798 er
878 726 994 816 quibus
1016 756 1120 817 pauca
1141 757 1300 819 promam.

268 816 370 879 multa
396 816 497 881 uerba
527 821 606 882 sunt
632 815 864 900 inpersonalia‚
895 837 978 898 quaa
1003 818 1039 881 in
1067 821 1094 883 u
1122 822 1242 884 exeunt
1265 824 1327 885 uto

266 901 372 964 euenit
398 901 515 966 occidit
539 901 702 985 conducit.
747 900 802 964 sed
831 900 910 965 haec
932 921 974 964 ne
997 901 1069 984 quis
1090 903 1206 967 tertias
1230 924 1300 986 per·

268 1003 367 1048 sonae
397 1004 466 1048 essa
488 988 595 1067 putet,
624 984 767 1068 primum
795 982 877 1048 sciat
909 983 996 1066 quod
1023 987 1134 1051 accido
1154 988 1300 1070 contiuuo

267 1068 377 1132 euecta
407 1067 478 1131 fieri
505 1088 575 1132 non
603 1071 758 1152 possunt,
790 1067 868 1132 lieet
896 1067 1027 1150 quidam
1049 1071 1202 1135 eueniunt
1223 1071 1300 1135 seri-

268 1149 408 1214 bendum
430 1155 559 1234 putant.
603 1153 711 1218 occido
733 1151 877 1233 conlaudo
899 1152 1009 1217 euentu
1031 1154 1132 1218 uerba
1152 1153 1300 1238 plenaria

267 1238 354 1299 sunt.
398 1236 478 1300 haec
505 1239 616 1301 autem
643 1235 879 1321 inpersonalia‚
912 1256 996 1318 quaa
1020 1237 1056 1300 in
1086 1238 1114 1301 tt
1139 1237 1298 1320 syllabam
1313 1258 1362 1298 ιο·

268 1319 355 1382 exire
370 1319 521 1400 diximus,
544 1320 693 1384 datiuum
708 1340 832 1388 caseum
848 1318 1023 1383 adsumunt
1036 1324 1074 1385 ut
1089 1323 1205 1386 accidit
1219 1321 1299 1386 milei

267 1402 340 1483 tibi,
369 1403 429 1467 illi.
474 1406 553 1467 sunt
574 1402 808 1486 impersonalia,
838 1422 920 1484 quae
943 1402 977 1465 in
999 1407 1029 1467 et
1050 1407 1186 1485 exeunt,
1215 1425 1298 1486 quae

268 1493 379 1549 tamen
404 1505 471 1549 non
494 1486 590 1550 unius
612 1485 743 1570 regulae
766 1487 851 1552 sunt
895 1485 1053 1567 quaedam
1075 1487 1164 1550 enim
1187 1507 1299 1552 eorum

268 1578 295 1631 a'
311 1588 382 1633 sese
404 1569 543 1634 ueniunt
564 1571 602 1632 ut
623 1574 742 1652 oportet
757 1569 859 1651 pudet
879 1569 980 1634 toedet
1000 1570 1138 1649 poenitet
1159 1571 1243 1636 decet
1264 1575 1297 1634 et

268 1650 406 1734 reliqua,
436 1653 585 1735 quamuis
613 1652 769 1735 quosdam
789 1650 946 1716 audierim
968 1652 1148 1716 affirmasse
1170 1653 1299 1718 nullum
1313 1674 1338 1715 15

268 1735 405 1800 uerbum
419 1735 627 1819 inpersonala
642 1757 662 1800 a
676 1756 709 1801 se
725 1735 815 1801 nasci
830 1733 943 1817 solere,
960 1735 1015 1800 sed
1031 1757 1070 1801 ex
1087 1735 1160 1800 aliis
1173 1739 1211 1802 ut
1219 1757 1298 1820 pae-

267 1821 350 1886 niteo
378 1821 485 1886 taedeo
506 1824 631 1903 oporteo
654 1819 843 1904 etreliqua.
888 1822 1069 1885 esttamen
1091 1823 1228 1886 uerbum
1249 1821 1299 1885 in-

268 1905 456 1987 personala,
485 1904 571 1988 quod
600 1904 780 1968 certissime
809 1925 850 1969 sx
878 1904 943 1967 alio
965 1905 1111 1969 nascitur
1132 1908 1171 1968 ut
1192 1907 1298 1971 oecese-

267 2007 340 2052 rcor
365 1989 522 2069 moereret,
555 1988 641 2070 quod
669 1987 803 2052 uerbum
834 1988 1043 2069 praeteritum
1072 1991 1200 2072 tempus
1229 2009 1297 2053 non

268 2070 376 2135 habet.
422 2075 501 2135 sunt
533 2071 633 2136 uerba
683 2092 742 2136 uae
769 2074 877 2135 utrum
906 2069 1129 2154 inpersonalia
1154 2092 1198 2136 an
1227 2093 1298 2154 per·
1311 2095 1337 2135 ιο

267 2154 395 2218 sonalia
410 2155 488 2235 sint,
511 2154 608 2221 lectio
624 2093 695 2219 solla
711 2154 924 2235 demonstrat,
939 2175 1018 2217 nam
1032 2156 1182 2239 geminae
1197 2156 1299 2239 signi-

268 2238 428 2301 ficationis
451 2258 521 2302 esse
544 2241 725 2303 noscuntur
747 2242 784 2302 ut
799 2238 906 2321 placet
928 2237 1026 2302 claret
1046 2239 1190 2320 displicet
1198 2242 1298 2320 patet.

269 2324 319 2384 est
342 2321 428 2385 enim
444 2321 556 2404 placeo
564 2322 677 2404 places
685 2323 792 2403 placet
807 2325 840 2386 et
855 2320 902 2384 sic
917 2320 1019 2386 clareo
1034 2322 1181 2403 displiceo
1192 2326 1297 2402 pateo.

269 2404 297 2468 si
325 2425 402 2490 ergo
431 2405 510 2470 haec
537 2405 779 2471 nominetiuum
810 2425 937 2469 cassum
958 2403 1163 2484 admiserint,
1192 2406 1298 2469 meni·

336 2593 360 2643 5.
372 2587 443 2644 Nec.
456 2588 549 2643 Nunc.
559 2602 588 2655 p.
600 2591 650 2642 21:
669 2587 762 2641 Multa
774 2589 840 2640 sunt
850 2587 1044 2657 inpersonelia
1056 2603 1084 2640 v.
1099 2616 1130 2626 -
1144 2587 1216 2640 sciat
1227 2587 1297 2654 quia

267 2685 301 2694 —-
320 2654 422 2722 putant
438 2653 536 2707 accido
550 2653 697 2709 —evenio
715 2651 845 2722 plenaria
862 2653 950 2708 verba
962 2681 994 2692 ·-
1006 2654 1031 2707 it
1049 2654 1156 2706 exeunt
1168 2653 1297 2707 dativum

268 2736 364 2774 casum
387 2751 420 2760 -
443 2722 511 2774 sunt
532 2720 621 2774 verba
646 2720 839 2789 inpersonalia
860 2749 893 2758 -
916 2736 933 2773 a
956 2735 986 2774 se
1011 2749 1042 2758 -
1066 2719 1155 2773 taedet
1180 2720 1298 2788 paenitet

267 2789 396 2856 (smper)
419 2787 504 2841 decet
525 2789 656 2854 quamvis
674 2816 708 2826 -
727 2788 755 2840 et
774 2789 876 2840 caetera
894 2816 927 2825 -
945 2786 1080 2840 misereor
1098 2787 1213 2840 miseret
1230 2786 1299 2854 quia

267 2883 301 2894 —-
319 2853 480 2922 personalia
496 2853 584 2908 lectio
602 2884 636 2894 -
654 2853 783 2908 declarat
800 2883 833 2892 ·-
851 2853 947 2922 placet
964 2853 1093 2922 placeret
1109 2882 1142 2892 -
1155 2868 1252 2906 casum
1263 2883 1297 2892 —

266 2919 420 2974 habuerint
437 2936 522 2988 quem
541 2920 700 2975 infinitivus
717 2950 750 2960 -
769 2923 890 2990 apparet
900 2917 1092 2990 inpersonalia
1104 2948 1136 2958 -
1149 2921 1296 2986 sequente.

336 3088 380 3143 ef.
399 3089 506 3143 adtrait
523 3090 564 3154 P,
587 3087 762 3156 attrahitslssl
780 3088 811 3141 in
828 3087 1023 3142 testimonium
1040 3089 1073 3140 ut
1091 3086 1125 3140 N
1138 3087 1149 3154 ΙΙ
1162 3085 1207 3140 af.
1226 3103 1298 3141 non·

267 3157 339 3210 nulli
358 3155 449 3209 multa
466 3155 564 3210 dixere
577 3155 613 3209 ds
625 3155 643 3212 i.
656 3172 693 3208 m.
709 3171 745 3208 ex
755 3154 790 3208 N
798 3156 809 3222 lt
821 3159 837 3209 5
850 3157 916 3208 sunt
927 3170 1002 3221 quae
1014 3155 1044 3207 in
1057 3155 1081 3206 it
1091 3153 1241 3206 exeuntN
1249 3159 1297 3211 cet.

268 3224 324 3278 dee.
341 3225 351 3290 ΙΙ
369 3228 385 3275 6
404 3222 525 3291 contigit
546 3221 582 3275 N
595 3223 605 3290 Ι
623 3228 638 3276 t
657 3237 718 3277 esse
741 3237 792 3276 cm.
811 3221 846 3275 N
854 3223 864 3288 1
881 3221 926 3280 sf,
945 3221 1151 3302 licet-putant
1168 3233 1221 3274 om.
1239 3219 1274 3273 N
1281 3220 1295 3289 11

266 3329 290 3378 9
302 3322 424 3377 advenio
443 3320 501 3377 ΡΝ
510 3322 523 3458 l)
543 3327 575 3376 10
592 3320 664 3376 haec
682 3336 707 3375 a
725 3321 745 3378 i.
764 3334 816 3378 om.
835 3320 869 3374 N
882 3322 892 3389 ΙΙ
911 3327 939 3374 11
960 3322 990 3375 et
1008 3308 1107 3375 dativi
1124 3319 1158 3374 N
1171 3321 1298 3387 1112-14

498 3390 512 3460 1

267 3390 343 3458 quae
360 3390 389 3443 in
409 3391 439 3444 et
454 3390 501 3459 llll
555 3390 568 3458 l
585 3404 660 3509 {aaa
679 3404 697 3441 a
714 3403 776 3443 sese
794 3387 829 3442 N
836 3389 847 3455 {l
862 3393 893 3441 14
910 3387 992 3441 tedet
1001 3388 1119 3508 lpenitet
1130 3386 1158 3440 P
1171 3391 1297 3455 (semper)

270 3459 282 3528 ll
299 3463 398 3512 14-1'1
417 3456 494 3510 dicet
511 3388 557 3510 elli
573 3472 588 3510 e
619 3456 742 3524 peneteo
761 3456 875 3522 Ν11116
894 3453 985 3509 solers
1013 3470 1061 3508 ere
1073 3455 1101 3509 P
1113 3456 1124 3522 ss
1136 3453 1192 3531 alis
1200 3455 1252 3530 Pu
1267 3458 1298 3508 19

267 3524 344 3592 quod
355 3525 625 3591 verbum-tempus
637 3537 689 3580 om.
700 3522 735 3575 N
743 3525 753 3591 ss
767 3528 800 3577 20
808 3523 827 3576 f.
840 3522 906 3574 sunt
915 3523 950 3574 ut
960 3521 1057 3588 placet
1069 3522 1155 3598 daret
1165 3519 1299 3598 displicet

267 3591 410 3660 patetssd
425 3591 515 3644 claret
532 3590 567 3643 N
578 3594 626 3648 cet.
639 3604 690 3644 cm.
704 3589 714 3656 l
727 3595 761 3644 22
774 3589 853 3643 caret
864 3589 892 3643 P
904 3589 914 3656 ll
927 3594 960 3642 24
972 3587 1025 3642 hac
1037 3589 1065 3643 P
1078 3588 1087 3656 ΙΙ
1101 3589 1248 3642 inmiserint
1260 3587 1297 3641 P.
