3210 4162
217 257 278 322 168
448 255 603 313 VIRGILII
618 255 786 312 nunonis
804 255 1016 314 aaronem.

215 408 353 487 imitari,
381 428 453 472 oum
484 408 564 473 diois
587 410 792 492 poudeudum
821 409 889 472 siue
917 410 1144 475 meditandum.
1187 411 1242 476 sed

216 492 278 556 hoc
306 493 346 556 ad
368 491 589 575 inpersonalia
611 492 710 557 uerba
732 492 953 572 referendum,
984 514 1120 576 quorum
1142 494 1243 578 parti-

217 575 303 659 cipia
330 580 408 639 sunt
434 575 514 640 haec
543 597 624 659 quae
651 576 879 658 praediximus.
916 581 993 640 sunt
1021 577 1118 641 etiam
1145 577 1244 660 parti·

191 658 413 807 bittit?
444 659 1006 806 {temeraretur
1037 660 1244 808 iiiiii?

216 847 279 909 que
308 847 376 889 non
400 765 660 908 debemuquuod
682 825 854 909 participia
874 825 983 890 uerbis
1006 826 1111 891 adhue
1134 848 1173 891 ex
1195 829 1244 891 in·

216 912 311 992 tegre
338 909 571 991 possitantibus
599 910 734 973 deficere
763 909 897 991 possint
935 910 1108 995 participia
1134 916 1244 975 autem

217 993 298 1056 talia
313 996 404 1057 sunt:
419 993 560 1074 studeas,
583 1014 659 1056 nam
680 991 888 1074 participium
903 993 956 1056 hic
971 995 1127 1077 temporis
1142 993 1245 1057 futuri

217 1097 236 1139 a
259 1076 422 1158 plerisque
443 1080 581 1159 negatur
603 1075 729 1150 haberi,
755 1079 791 1139 ut
812 1077 990 1141 studiturus
1012 1098 1078 1142 non
1100 1077 1243 1159 dicatur3

179 1187 204 1228 ιο
217 1159 302 1243 quod
325 1160 442 1241 ignoro
464 1181 562 1242 quam
585 1180 683 1241 praue
704 1161 856 1242 putetur,
879 1159 943 1223 nisi
964 1160 1051 1224 forte
1067 1182 1137 1225 cum
1153 1181 1243 1244 prae·

218 1243 350 1306 teritum
372 1249 501 1325 tempus
522 1242 698 1306 indicatiuo
721 1241 818 1306 modo
841 1243 933 1306 uerbi
954 1242 1050 1307 huius
1072 1265 1140 1308 non
1162 1243 1245 1309 aoei-

218 1327 293 1390 dere
323 1326 488 1404 credatur;
519 1325 604 1409 quod
631 1325 760 1407 penitus
782 1346 850 1388 non
873 1327 1042 1405 conuenit,
1072 1327 1148 1411 quia
1169 1348 1245 1411 sepe

217 1408 356 1492 legimus
383 1409 501 1474 studui.
539 1413 589 1472 est
616 1408 714 1472 etiam
742 1407 830 1472 aliud
856 1409 1064 1493 participium
1090 1411 1246 1494 temporis

217 1492 336 1574 futuri,
361 1492 446 1576 quod
470 1490 671 1556 solummodo
687 1491 803 1554 ceteris
820 1491 978 1556 abdicatis
993 1493 1135 1558 inueniri
1150 1515 1246 1576 posse

181 1601 206 1642 rs
220 1576 426 1650 aestimatur,
443 1580 481 1638 ut
494 1576 686 1656 urpueudus,
702 1574 794 1657 quasi
808 1595 949 1655 urpueus
963 1575 1029 1659 legi
1044 1597 1111 1640 non
1128 1578 1246 1659 possit3

220 1659 307 1742 quod
324 1663 400 1743 quia
414 1658 674 1741 frequentissime
689 1656 837 1740 legimus,
859 1658 1014 1742 exemplis
1029 1681 1095 1723 non
1110 1660 1245 1742 indiget.

160 1795 162 1799 ,
219 1743 266 1805 sic
282 1743 382 1806 etiam
396 1743 563 1823 urpiturus
578 1748 611 1805 et
623 1742 758 1822 urpitus.
783 1740 896 1805 dicunt
911 1742 1008 1806 otiam
1024 1743 1108 1826 quod
1124 1748 1247 1826 coeptus

220 1823 417 1889 defectiuum
439 1824 648 1908 participium
670 1824 730 1887 sit:
753 1824 968 1905 conpellimur
990 1830 1023 1888 et
1045 1846 1106 1890 nos
1127 1827 1161 1889 in
1184 1826 1248 1890 hoc

219 1909 372 1973 assentiri
388 1910 450 1989 eis,
473 1907 547 1990 quia
559 1907 678 1989 incipio
691 1906 838 1972 neutrale
855 1907 988 1971 uerbum
1004 1914 1062 1973 est.
1093 1909 1149 1972 sed
1162 1909 1248 1973 forte

180 2019 207 2059 ιο
221 1990 321 2073 dicas,
344 1991 421 2074 quia
435 1991 525 2073 capio
541 1991 684 2054 uotiuum
707 1994 771 2070 est,
795 2010 834 2052 ex
856 2011 919 2073 quo
941 1997 1072 2073 coeptus.
1110 1993 1248 2056 nonita

220 2077 286 2156 est,
315 2095 393 2138 narn
423 2095 461 2137 ex
490 2073 550 2136 hoe
575 2073 675 2136 uerbo
698 2073 874 2136 secundum
897 2075 1060 2157 passiuam
1082 2075 1246 2159 significa-

220 2158 341 2220 tionem
364 2177 430 2219 non
455 2163 578 2238 coeptus
600 2155 655 2219 sed
677 2160 788 2237 coptus
810 2155 911 2219 uenit.

308 2239 433 2303 Mirans
461 2240 568 2320 itaque
595 2239 755 2322 quomodo
783 2238 903 2334 passini
926 2240 1019 2303 uerbi
1041 2239 1248 2323 participium

221 2344 241 2386 a
268 2323 408 2387 neutrali
437 2323 537 2386 uerbo
566 2322 676 2386 uenire
727 2325 823 2402 oss1t,
852 2343 949 2406 super
976 2323 1038 2386 hoc
1066 2324 1248 2388 Aeneam

107 2439 109 2444 ·
182 2432 207 2474 aa
221 2406 443 2489 interrogasse
458 2405 605 2486 memini,
630 2415 663 2468 et
677 2344 788 2468 taiitor
802 2404 883 2467 mihi
898 2405 1083 2488 respondit:
1105 2405 1166 2470 hoc
1180 2428 1249 2471 non

220 2489 525 2636 {triturae
540 2487 1247 2636 rt¹¹nutritura?aaut}

221 2677 282 2739 que
305 2655 466 2720 audissem
489 2676 560 2718 eum
583 2593 721 2718 difiinite
744 2593 920 2737 dicentem,
945 2655 1032 2738 quod
1047 2621 1066 2720 a
1081 2655 1249 2720 defectiuis

221 2740 330 2802 uerbis
353 2737 513 2802 defeotiua
536 2737 705 2820 participia
727 2759 854 2820 semper
875 2759 944 2801 esse
968 2741 1122 2818 debeant,
1150 2739 1249 2803 inter-

183 2846 209 2886 eo
223 2822 338 2903 rogaui
361 2841 434 2884 aum
457 2821 584 2884 dicens:
611 2822 764 2902 quomodo
786 2840 873 2902 erpo,
898 2822 1108 2902 rutilamina,
1132 2822 1172 2887 ot
1194 2823 1249 2888 ilio

221 2904 332 2983 uerbo,
361 2905 446 2986 quod
466 2905 502 2968 iu
520 2904 666 2985 personis
687 2903 810 2983 defecit,
840 2905 1022 2969 iuueuimus
1041 2906 1249 2987 particapium

221 2989 329 3070 uesci,
357 2992 394 3051 ut
420 2991 466 3051 est
492 2987 621 3051 ‘decens’
651 3008 672 3050 o
700 2985 806 3050 decet?
839 2991 919 3051 tunc
947 2987 987 3050 ad
1010 3009 1060 3052 me
1082 2988 1250 3052 subridens

223 3070 284 3133 ait:
315 3089 425 3134 moueo
453 3074 497 3146 te,
530 3070 595 3151 feli,
628 3089 668 3134 ue
693 3069 901 3135 similitudine
929 3071 1042 3152 aliquo
1070 3073 1249 3137 seducaris:

293 3304 307 3353 1
327 3298 439 3376 emitari
456 3300 491 3355 N
503 3301 513 3368 ΙΙ
531 3305 546 3354 7
564 3280 766 3369 po⁸sitantibus
788 3299 832 3365 Ν,
856 3301 1065 3371 pauitantibus
1088 3317 1157 3358 corr.
1175 3303 1241 3356 Mai

222 3367 418 3443 prestantibus
429 3367 554 3435 Hurtelll
568 3374 599 3420 10
618 3369 734 3442 brevem
752 3365 795 3431 N,
816 3369 889 3422 bene
901 3369 967 3423 Mai
978 3371 988 3437 ΙΙ
1002 3376 1034 3422 14
1053 3370 1181 3425 invenire
1192 3370 1226 3423 N
1234 3345 1250 3438 li

224 3438 256 3487 18
275 3432 430 3487 defectrum
447 3433 481 3487 N
490 3434 501 3501 ΙΙ
513 3439 546 3488 23
567 3433 639 3488 mira
656 3448 728 3486 mira
782 3455 788 3490 ι
807 3433 850 3499 N,
874 3435 979 3489 mirans
1001 3437 1100 3503 itaque
1118 3435 1183 3489 Mai
1195 3438 1205 3503 ΙΙ
1217 3441 1251 3489 24

222 3500 353 3554 neutrale
370 3498 405 3553 N
418 3501 428 3568 ΙΙ
445 3507 479 3556 28
497 3499 534 3553 ad
555 3499 589 3554 N
598 3503 608 3569 ΙΙ
621 3507 654 3556 30
672 3498 746 3554 ᾶοὶῖθ
807 3502 863 3568 1132
883 3501 978 3556 diecet
993 3502 1032 3556 N.
