3210 4162
604 297 640 356 11.
668 297 718 352 Da
735 297 967 360 ΡΒΟΝΟΜΙΝΕ,
1239 304 1300 369 127

270 453 304 516 at
325 451 423 535 plane
446 449 638 515 declinatas:
671 449 757 515 sieut
783 451 818 516 in
847 450 1105 527 Quintiliano
1135 453 1216 538 legi,
1245 455 1301 538 qui

270 538 340 600 arat
361 535 583 618 computarius
605 534 730 598 diarum
753 538 786 600 et
808 557 977 601 mensuum
1001 541 1034 602 et
1056 536 1150 602 lunae
1174 543 1207 603 et
1224 539 1300 604 solis

269 625 406 686 numm
435 620 544 703 inquit
570 621 729 685 mensium
756 621 871 702 quibas
901 623 936 686 in
962 641 1027 687 sese
1048 623 1211 704 reciproca
1232 643 1300 690 suc-

270 705 405 770 cessione
425 705 603 770 reuoluitur
625 724 747 788 annas,
777 707 961 789 supputatio
978 707 1183 792 perdifficilis
1207 712 1251 774 est
1272 713 1302 774 et

269 789 425 854 intellecta
453 807 544 871 epona
571 789 724 871 dittpeutr'.
762 793 795 853 et
822 789 926 854 infra:
956 791 1094 856 solorum
1122 792 1229 875 inquit
1249 794 1299 856 in·
1326 815 1340 855 s

270 875 466 938 aaronem
487 874 634 938 uirorum
657 873 739 938 betta
760 873 1025 954 queramur?

356 955 441 1020 Sunt
463 956 561 1020 etiam
585 956 641 1039 qui
657 955 770 1038 plures
792 957 966 1021 aestimant
987 959 1022 1020 in
1050 957 1300 1040 pronominibus

270 1039 509 1123 accipiendum,
540 1060 675 1122 quorum
705 1039 855 1123 opinioni
884 1061 946 1104 nec
968 1039 1106 1103 multum
1130 1041 1300 1104 defidimus

268 1144 330 1186 nec
359 1122 494 1186 nimium
525 1121 683 1186 fauemus.
729 1123 784 1186 sed
812 1143 895 1206 quae
923 1123 1048 1187 incedit
1076 1125 1299 1207 quaestionem

268 1209 369 1289 prout
394 1206 594 1288 potuerimus
628 1204 790 1288 explicare
818 1206 1061 1289 temptabimus.
1105 1208 1202 1271 multi
1223 1208 1298 1291 plu-
1313 1231 1339 1270 ro

269 1291 359 1354 ribus
381 1288 579 1372 singularem
602 1309 774 1352 numerum
797 1293 923 1373 negant
943 1289 1086 1354 inueniri
1105 1310 1214 1373 posse,
1243 1292 1299 1355 sed

270 1373 316 1438 sic
339 1372 511 1437 declinari:
531 1374 640 1454 plures
658 1373 791 1455 piarum
800 1374 963 1456 pluribus.
993 1373 1221 1456 requirendum
1237 1375 1299 1439 sic·

269 1478 330 1539 que
353 1461 418 1536 est,
442 1463 469 1521 si
491 1458 570 1520 haec
592 1456 790 1539 pronomina
811 1461 903 1539 eunt,
927 1478 1025 1539 quare
1048 1457 1299 1540 comparationis

268 1540 388 1624 gradus
409 1561 429 1602 a
450 1539 562 1603 multis
576 1541 720 1622 recipere
736 1538 904 1622 dicuntur,
927 1561 1001 1603 cum
1016 1560 1195 1623 pronomen
1211 1561 1299 1605 com-

268 1623 468 1708 parationem
491 1623 610 1687 habcre
633 1643 701 1686 nou
724 1626 850 1705 potest,
881 1625 1020 1687 maxime
1048 1644 1120 1688 cum
1138 1625 1299 1706 pluriores
1312 1646 1339 1687 ro

269 1729 289 1771 a
304 1707 494 1790 quibusdam
510 1707 708 1788 scribantur,
732 1707 816 1789 quod
837 1708 1059 1790 comparatiuo
1075 1709 1176 1792 gradu
1192 1708 1299 1772 dicen·

269 1789 344 1854 dum
379 1795 435 1854 est.
478 1789 563 1854 unda
597 1789 807 1853 manifestum
841 1795 891 1854 est
923 1790 1003 1855 haec
1035 1790 1167 1854 nomina
1195 1791 1300 1875 magis

269 1873 431 1938 adieetiua
453 1895 522 1937 esse
545 1895 642 1956 quam
664 1873 870 1956 pronomina,
892 1874 1083 1956 praesertim
1106 1895 1178 1938 cum
1202 1875 1299 1938 etiam

269 1956 503 2041 superlatiuum
526 1957 664 2042 gradum
686 1957 808 2021 habere
831 1957 983 2021 dicantur
1004 1961 1041 2021 ut
1057 1958 1205 2040 plurimi.
1242 1958 1298 2021 sed

267 2062 420 2105 numerus
453 2042 628 2124 singularis
661 2040 697 2103 in
725 2040 789 2104 hiis
818 2041 1003 2105 nominibus
1031 2062 1098 2104 non
1125 2040 1222 2105 facile
1250 2042 1338 2105 imao

267 2126 413 2207 uenitur,
445 2124 510 2188 nisi
539 2124 575 2187 in
604 2123 744 2186 neutrali
773 2144 909 2206 genere,
943 2124 1068 2188 dicatur
1102 2124 1189 2187 enim
1213 2123 1298 2204 plus.

266 2210 395 2292 praeter
422 2206 508 2304 quod
535 2206 741 2271 nominatiuo
770 2227 862 2270 cassu
892 2207 1013 2270 dictum
1042 2207 1217 2290 singularis
1238 2228 1299 2271 nu·

267 2291 349 2356 meri
369 2291 467 2355 fleno
491 2289 609 2355 deficit.
648 2289 779 2373 quidam
803 2291 917 2354 dicunt
931 2291 1010 2373 plus
1031 2291 1071 2354 ad
1093 2291 1157 2353 tria
1177 2311 1297 2373 genera

266 2374 446 2458 pertinere,
470 2374 556 2457 quod
579 2393 648 2436 non
670 2372 751 2436 mihi
775 2372 906 2436 uidetur
929 2394 999 2438 esse
1021 2373 1189 2438 usitatum.

352 2457 402 2521 De
425 2458 616 2540 pronomine
638 2456 768 2539 quidem
784 2457 862 2519 satis
878 2456 979 2521 fuisse
994 2456 1209 2534 aestimarem,
1233 2455 1296 2519 nisi
1312 2475 1338 2516 aa

267 2543 344 2626 quia
370 2540 479 2624 plures
507 2562 547 2605 ex
568 2539 664 2605 nobis
687 2541 893 2623 quaestiones
915 2540 1034 2605 uolunt
1054 2543 1191 2621 iactare,
1221 2540 1298 2622 quid

266 2627 354 2691 inter
376 2625 475 2708 illice,
501 2627 605 2698 tettae,
636 2624 776 2706 qualiter
804 2623 977 2688 articulata
1004 2646 1024 2688 a
1050 2625 1299 2707 pronominibus

268 2711 401 2792 distant,
425 2729 523 2792 quare
539 2709 611 2791 ipsa
626 2706 765 2772 articula
780 2708 827 2771 sic
842 2710 1010 2772 uocantur.
1041 2709 1103 2788 ille,
1127 2711 1165 2771 ut
1178 2706 1297 2779 ferunt,

267 2794 382 2858 famosi
416 2791 600 2857 intellectus
631 2791 700 2855 siue
728 2791 763 2854 in
792 2790 912 2855 bonam
940 2792 1009 2855 siue
1037 2791 1072 2855 in
1103 2790 1298 2855 contrariam

266 2877 425 2960 accipitur
453 2879 595 2959 partem,
624 2874 721 2939 sicuti
748 2875 906 2939 Aeneas
934 2873 1100 2939 rethorum
1129 2880 1161 2937 et
1189 2894 1297 2958 gram-
1311 2891 1337 2932 aa

266 2964 460 3025 maticorum
487 2962 722 3042 poetarumque
747 2958 965 3039 peritissimus
994 2957 1121 3035 doctor,
1152 2960 1298 3022 Aeneam

269 3080 472 3092 -...-—--—.—.

336 3151 359 3197 1.
380 3142 464 3197 Olera.
483 3157 539 3197 eac.
557 3142 623 3196 291’:
646 3138 680 3193 In
698 3139 874 3205 Quintiliano
894 3156 1027 3195 sonorum
1045 3140 1107 3208 (ric)
1126 3140 1156 3194 at
1172 3139 1297 3194 totorum

267 3210 457 3268 inveniuntur.
487 3208 529 3264 ait
546 3209 623 3262 enim
641 3207 683 3260 ita
701 3206 826 3262 solorum
843 3206 1047 3262 industriorum
1067 3208 1130 3275 qnia
1147 3225 1175 3259 n.
1188 3207 1215 3265 b.
1228 3206 1298 3261 item

267 3296 286 3346 a
305 3281 367 3332 arat
384 3276 477 3344 inquit
494 3274 657 3344 capotenus
676 3273 788 3328 dierum
807 3273 837 3328 at
855 3277 981 3329 totorum
999 3275 1148 3328 mensium.

393 3383 474 3390 ...μ-..-

311 3384 546 3491 ῖ-ᾆιιίηῐίηἱαιιο
558 3425 594 3479 N
602 3425 613 3492 ΙΙ
626 3430 642 3478 ὅ
655 3423 792 3501 agensN
798 3425 848 3492 (aa
858 3440 893 3479 ea
900 3425 1110 3504 aagens?)corr.
1122 3422 1189 3476 Mai
1200 3423 1240 3491 118
1253 3437 1299 3475 ac-

265 3492 627 3629 taruannense
660 3489 1298 3627 ipfattttssatttttmrflttt'ififsstitpi'
