3210 4162
758 350 780 410 1.
806 348 855 404 uu
873 348 1031 404 souma.
1350 353 1410 419 117

380 501 511 585 regulas
534 503 718 586 multasque
741 523 853 568 causas
875 501 984 566 habeb.
1024 502 1190 568 enimuero
1207 508 1334 588 praeter
1349 504 1411 570 ori·

379 586 523 670 ginalem
551 586 640 651 illam
671 609 768 670 quam
795 588 873 651 trito
903 607 1014 651 omnes
1037 608 1187 652 sermons
1211 592 1243 653 eb
1265 591 1411 655 oratione

379 671 547 751 locuntur,
576 671 608 733 id
638 676 688 735 esi
716 692 788 735 aum
817 670 979 734 ablatiuus
1008 692 1119 734 eassus
1142 671 1317 757 singularis
1340 674 1375 737 in
1398 675 1412 738 e·

378 753 468 826 finit,
498 753 544 817 sie
573 776 612 818 ex
635 755 708 819 aliis
731 754 817 839 argis
840 754 1010 838 genetiuus
1034 754 1069 818 in
1090 756 1159 818 ium
1182 757 1301 839 plurali
1324 757 1410 820 finiri

380 838 476 914 solet,
500 858 574 902 oum
596 839 648 902 uel
671 838 704 901 iu
730 838 810 902 duas
832 838 1044 902 semiuocales
1067 838 1291 905 nominatiuus
1312 840 1411 905 fuerit
1437 859 1450 899 s

378 921 587 998 terminatus,
611 943 693 1005 quae
716 927 793 986 sunt
814 942 853 987 as
876 929 908 986 et
929 942 979 1004 rs,
1003 925 1036 985 eb
1058 922 1219 987 ablabiuus
1243 945 1352 988 oassus
1374 925 1409 988 in

378 1026 394 1070 e
410 1005 587 1069 desinueril
602 1011 638 1070 ut
653 1026 757 1084 mous,
781 1026 850 1083 ars,
874 1026 957 1085 sors,
980 1025 1082 1086 iners,
1093 1008 1409 1090 praesumeremus,

377 1091 507 1170 bayeux
530 1094 563 1152 et
578 1089 723 1154 ablabiuo
739 1095 850 1172 areale,
875 1095 951 1172 urle,
969 1091 1101 1173 (sorte),
1118 1095 1225 1172 eserie,
1243 1094 1409 1174 prudente,

378 1174 536 1257 sapiente,
558 1175 691 1255 iouente.
726 1195 794 1238 uon
817 1195 894 1257 ergo
918 1173 1014 1237 debeb
1036 1173 1099 1237 dici
1122 1174 1265 1240 ablatiuo
1288 1177 1328 1241 ab
1350 1177 1410 1243 leae

379 1258 445 1321 arti
467 1256 519 1318 uel
542 1261 656 1337 monti,
680 1258 756 1322 licet
778 1262 810 1321 et
832 1259 894 1322 hoo
915 1257 1046 1341 quidam
1061 1259 1304 1341 corruptissime
1320 1260 1407 1324 dixe·
1424 1280 1447 1318 ιο

378 1341 454 1404 rint.
494 1344 527 1404 et
548 1343 702 1425 genetiuo
726 1341 843 1425 plurali
866 1343 913 1405 sie
936 1340 1126 1404 dicendum:
1156 1345 1332 1424 montium,
1356 1364 1409 1409 ar-

378 1427 474 1501 tium,
501 1427 666 1505 partium,
696 1426 861 1501 assellam,
879 1426 1106 1506 prudentium,
1129 1427 1338 1507 sapientium,
1362 1429 1410 1492 in-

374 1510 528 1589 pendium.
559 1509 656 1571 tertia
672 1511 780 1573 aulem
797 1509 924 1571 additur
939 1508 1063 1591 regula,
1079 1509 1119 1571 ob
1136 1531 1232 1592 quam
1249 1510 1409 1574 ablabiuus

379 1612 488 1656 cassus
517 1594 552 1655 in
575 1613 592 1655 e
613 1597 646 1655 eb
673 1592 844 1676 gensbiuus
875 1612 983 1655 cassus
1010 1592 1046 1654 in
1074 1593 1143 1656 ium
1166 1593 1313 1676 finiatur,
1336 1615 1408 1657 eum

379 1676 510 1753 generis
533 1674 682 1739 feminini
705 1696 825 1739 nomen
849 1675 882 1738 in
906 1696 922 1739 e
944 1678 1125 1756 correptam
1149 1677 1294 1741 ablatiuo
1318 1697 1408 1741 cassu
1425 1688 1449 1728 ¹⁵

378 1758 572 1838 desinuerit,
600 1764 638 1823 ul
666 1760 707 1823 ab
736 1760 797 1824 bue
826 1760 928 1838 elude,
958 1759 998 1823 ab
1027 1759 1088 1823 bue
1110 1761 1256 1840 ciuitate,
1286 1761 1327 1824 ab
1350 1761 1410 1827 hue

377 1843 511 1922 uirtute,
540 1843 581 1906 ab
609 1843 670 1907 leae
698 1844 788 1917 urbe,
822 1843 861 1906 ab
884 1844 945 1906 bae
963 1843 1067 1922 fame,
1098 1844 1139 1908 ab
1161 1844 1223 1907 leae
1244 1844 1338 1920 mole,
1370 1845 1409 1908 ab

377 1925 439 1990 leue
465 1927 581 2007 quiete,
614 1928 646 1988 el
673 1925 861 2008 geneliuum
884 1925 1041 2008 pluralem
1065 1925 1097 1988 in
1123 1928 1192 1990 ium
1216 1928 1352 1990 mittunt
1374 1932 1411 1990 ut

377 2009 536 2087 eludium,
567 2009 765 2088 ciuitatium,
787 2011 975 2088 uirtutium,
997 2009 1144 2090 urbium,
1165 2009 1322 2092 femiam,
1344 2029 1410 2075 mo·

378 2092 472 2174 lium,
497 2094 702 2175 (quietiora).
741 2092 820 2156 haec
843 2092 882 2156 de
906 2093 1071 2175 geneliuo.
1424 2112 1450 2150 ao

464 2176 563 2241 Nune
586 2177 715 2239 datiuus
737 2196 847 2240 oassus
870 2175 947 2259 quid
972 2176 1137 2258 ostendat,
1167 2195 1205 2239 ex
1229 2196 1340 2240 eorum
1364 2198 1410 2240 se-

377 2260 542 2342 quendum
567 2262 617 2322 esi
639 2259 762 2344 regulis
785 2264 818 2321 eb
839 2258 962 2333 uerbis,
987 2259 1044 2342 qui
1067 2259 1106 2322 da
1130 2258 1268 2342 singulis
1292 2260 1409 2324 arbium

376 2344 558 2406 rabionibus
581 2343 654 2426 lege
684 2348 717 2407 ab
744 2342 875 2407 adsidue
903 2344 988 2406 siout
1016 2342 1200 2406 didicerunt
1221 2343 1269 2407 ila
1291 2348 1325 2406 eb
1346 2347 1410 2407 bra-

377 2427 544 2491 diderunb:
565 2428 696 2492 datdeus
717 2426 869 2511 inquiunt
890 2446 998 2492 cussus
1018 2426 1255 2492 amuueulute'm
1277 2428 1410 2492 umbem

376 2512 521 2575 neutrale
549 2511 752 2576 demonstret.
791 2510 847 2573 sed
877 2513 987 2574 lamen
1008 2530 1076 2573 non
1098 2530 1157 2591 per
1180 2510 1291 2573 omnia
1313 2511 1411 2573 uerba
1424 2529 1450 2570 aa

375 2614 438 2657 neo
461 2615 570 2658 cassus
592 2593 673 2657 haee
695 2594 809 2678 regula
831 2593 989 2657 seruanda
1012 2596 1077 2672 osb,
1101 2594 1128 2656 si
1152 2592 1347 2675 specialibus
1362 2595 1410 2656 in·

377 2679 556 2759 uentubus‚
591 2677 880 2742 consuetudinibus
914 2677 1161 2759 rationibusque
1193 2677 1309 2755 samii,
1344 2678 1408 2740 acsi

377 2762 464 2824 dicas
490 2762 600 2842 plueeo
627 2763 700 2838 tibi,
729 2761 876 2842 displiceo
898 2762 972 2840 tibi,
999 2761 1124 2842 peredeo
1147 2761 1205 2824 rebe
1227 2764 1260 2824 et
1282 2761 1410 2824 similia.

376 2845 505 2909 daliuus
521 2865 630 2908 cassus
645 2845 680 2908 in
696 2847 710 2908 i
725 2865 851 2926 semper
866 2845 939 2908 acui
955 2844 1066 2916 debeb,
1091 2846 1226 2926 excepto
1243 2845 1299 2907 illo
1317 2865 1410 2908 cassu

374 2931 431 3012 qui
460 2931 615 3012 quattuor
644 2927 777 3010 syllabis
805 2932 1009 3004 numerabar,
1042 2927 1090 2991 ila
1117 2928 1288 2991 dumtaxat
1314 2932 1352 2991 ul
1374 2928 1408 2991 in
1422 2953 1449 2995 ao

374 3013 579 3078 nominatiuo
601 3015 669 3076 ires
692 3012 834 3096 syllabae
857 3012 923 3075 sint
945 3014 1072 3094 positae
1095 3016 1131 3075 ub
1147 3016 1300 3093 potestus,
1330 3013 1409 3076 elui-

376 3100 443 3177 tas,
462 3098 583 3177 pletura,
598 3097 755 3161 eluritaa
793 3096 820 3158 si
842 3100 951 3160 aulem
975 3094 1206 3177 dissyllababus
1229 3094 1329 3158 fuerit
1350 3116 1409 3158 no-

374 3180 551 3243 minabiuus
581 3199 690 3242 cassus
719 3178 909 3262 singularis,
939 3183 971 3242 el
993 3182 1130 3261 utraque
1153 3178 1278 3260 syllaba
1301 3177 1409 3242 breuis

375 3335 456 3342 ---—-
459 3333 575 3342 ...ηα-

443 3418 457 3464 1
475 3427 489 3475 a
508 3411 613 3465 multas
631 3411 665 3465 N
674 3412 679 3480 Ι
697 3413 742 3464 Ἡ.
762 3426 907 3465 sermones
926 3412 956 3464 eb
973 3396 1060 3465 onore
1081 3412 1110 3464 ei
1121 3411 1255 3464 locuntur
1272 3409 1306 3463 N
1315 3412 1355 3478 114
1373 3410 1411 3464 sii

375 3495 409 3532 ex
428 3479 480 3532 alis
498 3478 532 3532 N
541 3480 552 3546 n
564 3479 635 3549 ium]
654 3479 665 3531 i
719 3493 788 3533 eorr.
803 3477 868 3531 Mai
880 3480 890 3547 l
903 3484 918 3532 ὁ
936 3479 1051 3532 vocales
1069 3479 1139 3531 semi
1152 3477 1185 3531 N
1194 3479 1205 3546 ΙΙ
1218 3485 1251 3532 20
1270 3476 1410 3546 quiebium

373 3544 562 3671 ggeghnplalpl}
584 3552 617 3598 22
640 3544 747 3614 regalis
768 3544 803 3598 N
822 3546 833 3614 fl
850 3551 883 3599 26
905 3546 1008 3613 regula
1031 3559 1100 3599 eurr.
1123 3562 1158 3600 ea
1181 3545 1278 3614 regale
1301 3544 1335 3598 N
1349 3547 1359 3612 ΙΙ
1377 3551 1410 3599 29
