3210 4162
306 320 368 384 172
535 315 689 371 VIRGILII
708 315 874 372 Mauortis
892 316 1103 372 EPISTULAE.

392 467 481 533 Scire
510 471 543 532 et
563 467 626 532 hoo
648 467 814 547 debemus,
844 469 931 552 quod
954 469 1196 532 coniunctiones
1219 488 1332 533 omnes

305 563 361 617 aut
382 553 622 637 praepositiuae
643 555 700 616 aut
720 552 947 616 subiunctiuae
967 554 1023 615 sut
1043 573 1229 616 communes
1245 561 1331 616 sunt.

305 639 384 700 sunt
406 636 505 699 etiam
527 657 609 719 quae
631 634 752 698 nullius
773 635 905 701 ordinis,
935 637 1013 698 sunt
1031 635 1282 718 praepositiuae:
1305 641 1334 700 et

305 725 341 784 at
360 722 391 785 si
419 721 574 801 quoniam
600 738 640 783 ae
660 724 755 800 atque
770 738 871 801 porro
893 723 1028 784 ceterum
1054 738 1147 784 ceros.
1182 719 1333 783 subiunc-

278 805 408 868 ⁵tiuaez
438 809 543 868 autem
570 822 662 884 uero,
690 823 750 884 qne
776 803 893 867 scilieet
919 813 952 867 et
980 806 1094 867 cetera.
1130 823 1332 866 communes:

305 906 378 968 erpo
404 887 474 951 ideo
503 888 626 967 itaque,
653 886 771 950 ideireo
794 886 911 968 perlem
932 887 1083 968 proinde,
1111 888 1196 968 epita
1222 887 1333 968 mitur,

305 990 374 1050 que.
407 968 527 1032 nullius
549 968 670 1032 ordinis
693 972 786 1031 sunt:
808 970 923 1033 iterum
939 969 1104 1051 paulatim
1118 969 1242 1050 saltim,
1266 988 1333 1033 non

306 1053 393 1116 enim
422 1052 463 1115 ad
493 1052 640 1115 ordinem
667 1051 836 1132 dictionis,
864 1053 920 1116 sed
944 1052 984 1115 ad
1007 1051 1197 1135 qualitatem
1219 1072 1333 1115 sensus

306 1139 457 1199 attinent.

267 1237 292 1276 10
391 1217 518 1282 Possim
545 1217 675 1302 quidem
705 1218 744 1281 de
772 1218 1002 1282 coniunctione
1029 1217 1128 1301 paulo
1150 1218 1248 1281 latius
1269 1221 1334 1282 tra·

305 1306 410 1383 ctare,
440 1301 496 1364 sed
523 1301 600 1386 quia
628 1305 661 1364 et
689 1323 709 1364 a
729 1301 825 1364 nobis
849 1305 882 1364 et
903 1323 923 1364 a
945 1301 1056 1365 multis
1078 1322 1154 1385 sepe
1176 1301 1333 1385 seriptum

306 1390 370 1468 est,
393 1385 514 1462 ideireo
537 1386 644 1468 posita
666 1407 732 1448 una
754 1385 911 1467 dictione,
934 1406 1016 1468 quae
1036 1385 1126 1448 utilis
1139 1384 1210 1449 fore
1224 1384 1334 1530 leperi-

304 1469 392 1532 tibus
422 1469 580 1532 oenseuda
610 1472 673 1544 est,
704 1476 811 1532 cetera
839 1468 1060 1552 relinquemus
1082 1469 1214 1534 intaeta.
1273 1490 1334 1532 uae

309 1551 550 1615 coniunctiones
573 1552 601 1614 si
622 1572 689 1614 una
711 1552 748 1614 in
770 1551 913 1614 dictione
933 1551 1059 1634 positae
1073 1550 1210 1630 fuerint,
1233 1551 1267 1614 id
1285 1555 1335 1614 est

267 1649 293 1689 1⁵
308 1633 514 1716 conplectiua
540 1638 573 1698 et
600 1633 787 1717 rationalis,
816 1655 836 1696 a
863 1655 932 1697 sese
960 1634 1131 1697 soluentur
1158 1637 1191 1698 et
1211 1634 1334 1697 nullius

306 1717 440 1780 alterius
469 1718 651 1781 sententiae
678 1717 763 1782 ratio
791 1723 957 1801 poscetur,
987 1721 1039 1781 ut:
1072 1719 1224 1799 quonium
1252 1737 1334 1800 erpo,

307 1802 386 1882 quia
407 1801 522 1882 τρίταν,
547 1802 615 1866 ideo
632 1803 724 1882 qaia,
747 1802 831 1865 unde
851 1802 1019 1883 quoniam,
1043 1802 1197 1882 quoniam
1216 1801 1334 1865 ideireo

307 1887 341 1947 et
363 1887 479 1947 cetera.
516 1883 580 1947 hiis
602 1884 697 1949 dietis
718 1883 794 1947 finis
817 1883 975 1966 epistolae
996 1884 1202 1967 inponendus
1224 1888 1282 1947 est¹

543 2083 618 2148 vn.
652 2083 711 2147 nn
733 2055 1100 2148 punneosmonu.

394 2213 538 2296 Septima
564 2215 645 2290 mihi
676 2215 815 2298 epistola
845 2216 884 2277 de
911 2237 989 2299 prae
1014 2216 1152 2279 ositione
1179 2215 1335 2279 ordienda

268 2320 294 2359 so
307 2300 365 2360 est.
401 2297 457 2360 sed
476 2299 552 2381 quia
567 2298 606 2362 de
621 2298 749 2362 usitatis
764 2239 1059 2382 praepositiondius
1075 2300 1214 2363 usitatus
1229 2319 1334 2363 sermo

304 2434 510 2444 ---..-

378 2495 731 2561 remandasset:
759 2496 801 2549 De
825 2497 1084 2566 praepositionibus
1106 2498 1247 2551 mositatis
1267 2497 1336 2574 (lopo

276 2601 284 2615 .
306 2561 459 2628 inusitatis)
483 2580 517 2617 ex
540 2565 644 2630 quarto
662 2562 814 2616 latinitatis
833 2580 938 2632 genere
956 2563 1135 2632 philosophie
1154 2566 1334 2619 accusativae

307 2628 547 2696 praepositiones:
572 2646 625 2683 eon
647 2646 699 2697 pro
723 2629 813 2698 apud,
837 2632 915 2684 oiron
938 2647 989 2698 pro
1008 2630 1171 2696 adversum,
1193 2631 1335 2686 materion

308 2710 360 2762 pro
379 2695 466 2759 eirea,
489 2697 605 2749 statuim
622 2711 675 2764 pro
693 2711 783 2764 pene,
806 2697 883 2749 farao
901 2712 953 2764 pro
972 2696 1140 2762 seeundum,
1158 2698 1263 2750 sarium
1281 2713 1334 2766 pro

306 2763 439 2879 idm*
461 2761 551 2829 giabii
572 2778 625 2829 pro
648 2762 677 2813 in
697 2763 782 2824 eitra,
804 2762 875 2815 luim
893 2779 945 2830 pro
963 2763 1056 2825 iuxta,
1079 2764 1170 2816 salion
1186 2780 1239 2831 pro
1258 2765 1332 2830 ante,

341 2828 418 2878 arost
440 2843 491 2894 pro
515 2828 602 2897 eitra,
625 2829 726 2881 restim
745 2844 797 2896 pro
816 2843 899 2895 erga,
922 2828 997 2882 reios
1014 2843 1067 2897 pro
1084 2845 1188 2897 prope,
1211 2830 1334 2898 longeon

306 2907 358 2960 pro
371 2891 461 2958 ultra,
480 2894 590 2962 spelum
602 2909 654 2961 pro
667 2910 767 2963 supra,
786 2910 866 2948 onom
878 2910 1046 2963 propones,
1063 2895 1150 2948 levim
1162 2897 1207 2964 (ex
1219 2896 1333 2965 clevini)

306 2974 359 3026 pro
372 2974 460 3011 secus.
488 2977 564 3013 nuno
576 2960 694 3015 ablativi
707 2977 788 3014 ossus
800 2961 1037 3029 praepositiones:
1050 2977 1152 3029 respon
1165 2977 1216 3031 pro
1230 2977 1334 3030 eoram,

306 3025 408 3092 peipsa
427 3027 466 3093 (ρ,
486 3042 521 3080 ex
536 3030 572 3098 p)
590 3042 642 3095 pro
661 3042 742 3092 sene,
761 3043 841 3080 aram
859 3044 911 3095 pro
929 3030 1026 3093 tenus,
1045 3030 1138 3094 aspois
1155 3045 1206 3096 pro
1224 3029 1332 3097 palam,

251 3158 253 3162 Ι
308 3106 377 3160 apsa
397 3107 449 3158 pro
473 3095 596 3162 absque,
624 3093 656 3146 at
681 3093 809 3160 utrisque
834 3110 913 3147 eusus
935 3095 1122 3162 praepositio:
1150 3095 1257 3150 sandon
1281 3113 1334 3164 pro

307 3173 405 3225 super,
424 3160 525 3213 medus
542 3176 594 3228 pro
612 3159 725 3227 subtus,
743 3159 821 3213 lidon
839 3175 891 3229 pro
910 3161 1017 3215 subter.

376 3346 391 3394 2
411 3343 566 3396 communis
578 3342 612 3397 N
621 3344 661 3411 114
678 3359 766 3411 poaro
779 3341 814 3398 N
822 3344 832 3412 ΙΙ
846 3347 862 3397 b
880 3360 955 3411 quae
967 3344 1001 3399 N
1009 3345 1020 3412 i
1033 3349 1049 3397 6
1061 3360 1113 3412 per
1124 3346 1178 3400 hoo
1191 3343 1264 3413 quod
1276 3344 1310 3399 N
1317 3348 1331 3416 ΙΙ

306 3423 741 3546 otiositatis
769 3415 1334 3549 missenensis

304 3554 502 3612 eosmioun
520 3558 572 3626 Ni
587 3565 618 3612 19
636 3558 764 3614 orienes
781 3531 820 3614 ie.
