3210 4162
313 285 355 350 46
548 281 705 336 VIRGlLlI
723 279 892 335 MARONIS
909 277 1106 336 EPITOMAE.

313 438 496 521 iunguntur
508 437 701 517 utpnc'sdncn
719 438 843 516 epomet.
871 452 904 498 se
917 432 1155 497 nominatiuum
1170 431 1340 516 utriusque

313 521 440 585 numeri
468 519 586 583 habere
613 539 680 582 non
707 522 826 600 potest.
868 522 948 583 totns
974 515 1157 601 genitiuum
1179 517 1339 600 pluralem

312 625 381 669 non
403 605 502 668 habet
524 607 557 666 et
578 602 640 666 hoc
663 623 845 685 pronomen
869 605 934 679 est,
961 606 995 664 at
1023 602 1125 665 omnis
1146 620 1267 664 nornen
1290 605 1341 665 est

311 689 516 754 adiectiuum.
545 687 630 752 nllns
652 688 787 769 accepta
808 706 831 751 n
852 684 995 770 negandi
1014 683 1115 748 habet
1133 684 1293 749 dicionem
1307 689 1340 748 et

286 773 436 837 radicclo
467 791 533 837 non
566 775 603 834 ut
633 771 783 836 nonnulli
813 770 933 834 multos
960 767 1125 853 significat
1151 772 1185 833 et
1212 767 1274 832 hoc
1302 768 1340 832 in

312 856 429 938 plurali
456 858 586 918 tanturn
614 875 751 917 numero
774 854 894 917 euenit.
939 857 1052 933 qnotns
1080 852 1166 915 sicut
1188 857 1271 916 totns
1292 853 1339 916 sic

312 939 507 1022 declinatum
529 942 605 1019 qnot
624 958 702 1000 uero
725 936 913 1000 aduarbium
935 934 1062 1000 numeri
1085 938 1144 1002 est.
1176 955 1263 1001 nnnc
1279 957 1339 1018 per

312 1023 466 1104 quosdam
501 1022 698 1102 conponitur
731 1020 850 1103 gradus
884 1023 922 1083 ut
952 1020 1110 1100 nnnsqnc's
1140 1022 1173 1082 et
1200 1019 1339 1083 adicitur

310 1107 527 1186 nnnsqnnqne
549 1111 583 1167 et
603 1102 703 1166 habet
724 1104 895 1186 pluraliter
916 1103 1036 1184 sinpnli
1057 1103 1183 1183 quique.
1217 1101 1339 1166 abhinc

273 1204 297 1244 10
311 1188 421 1252 omnia
452 1189 647 1270 pronomina
679 1187 807 1250 numeri
839 1186 1038 1269 singularem
1064 1206 1236 1249 numerum
1269 1207 1338 1250 non

309 1269 432 1336 habent
452 1275 490 1334 ut
510 1273 573 1336 dno
588 1276 660 1336 tres.
697 1292 717 1333 a
730 1269 895 1333 ueteribus
911 1269 1115 1333 declinantur
1130 1269 1188 1333 dni
1201 1270 1338 1334 dnornm

309 1356 382 1420 dnis
409 1357 488 1421 dnos
516 1378 538 1421 a
565 1355 652 1436 duis,
683 1354 729 1417 sic
759 1357 792 1417 et
819 1355 925 1437 umbi,
959 1353 1077 1418 rectius
1106 1357 1212 1418 autem
1242 1352 1338 1417 decli·

308 1442 430 1502 nantur
456 1440 518 1503 dno
545 1440 644 1504 dnum
671 1438 792 1501 dnobus
814 1439 893 1502 dnos
915 1459 936 1502 a
958 1439 1093 1516 dnobus,
1121 1437 1168 1501 sic
1190 1440 1223 1500 et
1245 1437 1339 1502 ambo

310 1522 464 1586 annam
485 1521 647 1586 ambobus.
682 1520 765 1584 atne
787 1521 918 1585 numine
940 1522 979 1584 de
1001 1519 1125 1584 duobus
1139 1520 1275 1606 sdicitur,
1302 1524 1336 1583 at

273 1620 297 1661 1⁵
311 1605 453 1669 alternus
475 1604 514 1668 de
536 1604 774 1668 successionum
797 1605 923 1667 uicibus
946 1603 1064 1668 dicitur
1086 1604 1169 1667 sicut
1192 1603 1338 1668 Cicero

310 1689 442 1770 ulydiae
469 1688 577 1770 inquit
599 1688 736 1769 repebant
756 1688 874 1752 alterni
894 1687 957 1752 sibi
976 1688 1180 1752 succedentes.
1226 1689 1283 1768 qni
1304 1691 1338 1751 et

309 1773 390 1853 qnia,
413 1791 495 1852 qnae
517 1774 550 1834 et
572 1791 636 1851 qna
658 1775 692 1834 et
714 1772 799 1852 qnod
812 1775 845 1834 ei
858 1771 938 1851 qnid
951 1771 1100 1834 similiter
1114 1770 1336 1853 inueniuntur,

309 1854 365 1917 sed
387 1875 486 1917 unam
507 1855 756 1919 declinationem
777 1852 900 1917 habent
922 1875 959 1918 ae
979 1854 1181 1918 nominatiuo
1201 1855 1336 1937 adiungi

308 1958 375 2001 non
402 1938 535 2019 debent,
564 1940 618 2001 sed
643 1937 791 2022 genitiuo
814 1938 929 2021 plurali
952 1939 1005 2002 uel
1021 1938 1170 2023 ,ablatiuo
1193 1937 1335 2001 eiusdem

269 2023 436 2086 onumen
466 2024 502 2085 ut
529 2022 648 2098 uliquis
669 2023 830 2086 leontinum
853 2022 921 2085 siue
943 2022 1063 2102 aliquis
1084 2042 1122 2086 en
1144 2023 1335 2104 nominituo,

308 2124 375 2166 non
404 2111 512 2167 autem
541 2105 660 2184 clepens
682 2106 790 2181 horno,
821 2103 899 2168 licet
921 2109 954 2167 et
975 2105 1037 2168 hoc
1059 2105 1244 2168 inuenimus
1269 2125 1335 2168 uno

309 2190 437 2250 tantum
460 2187 567 2254 modo.
603 2189 660 2268 qni
681 2187 885 2251 nominatiuo
908 2186 1106 2266 adnectitur,
1130 2187 1260 2270 quando
1276 2207 1335 2270 pro

306 2269 360 2334 ille
382 2271 547 2351 accipitur.
586 2271 752 2352 quaeritur
774 2291 868 2349 sane,
898 2270 974 2354 quid
1003 2271 1133 2335 intersit
1154 2272 1241 2334 inter
1262 2290 1335 2352 pro·

306 2373 428 2416 nomen
451 2357 484 2432 et
506 2354 692 2418 articulum.
729 2354 901 2418 articulum
924 2358 974 2418 est
995 2353 1057 2417 hoc
1079 2354 1164 2438 quod
1185 2374 1254 2418 non
1274 2374 1335 2436 pro

267 2451 293 2492 2⁵
307 2437 438 2500 nomino
467 2437 523 2500 scd
552 2458 625 2501 cum
654 2438 725 2518 ipso
753 2439 886 2501 nomine
913 2437 1055 2502 flectitur
1082 2441 1120 2500 ut
1147 2437 1198 2501 laic
1225 2442 1333 2519 poter,

306 2540 382 2583 nam
419 2520 591 2585 articulum
629 2527 698 2585 arte
737 2521 846 2585 minus
886 2543 954 2586 esse
995 2521 1205 2585 ostendimus.
1256 2543 1333 2586 narn

306 2607 414 2666 cetera
435 2606 629 2700 pronomina
651 2606 722 2668 sola
743 2606 956 2686 praecedente
974 2610 1085 2669 tamen
1100 2605 1234 2669 nomine
1257 2626 1333 2669 con-

306 2689 391 2748 stare
417 2688 584 2764 drcuntur,
612 2686 674 2752 hoe
700 2693 810 2751 autern
834 2690 904 2753 sine
930 2689 1026 2771 primi
1046 2688 1188 2751 nominis
1211 2688 1335 2752 auxilio

374 2857 398 2905 2.
418 2851 502 2908 orem.
522 2868 578 2906 cxc.
597 2852 629 2920 (s.
647 2854 723 2920 29b):
753 2851 834 2907 Solus
859 2869 925 2907 vero
948 2855 978 2907 et
999 2855 1078 2907 totus
1100 2853 1235 2922 genetivo
1254 2854 1333 2920 plorl

306 2917 427 2986 Virgilio
444 2919 567 2973 testante
586 2918 731 2973 deficiunt,
760 2918 857 2973 sedin
877 2919 1051 2984 Quintiliano
1068 2936 1201 2974 sonorum
1220 2920 1282 2989 (cic)
1301 2923 1332 2974 et

305 2985 430 3038 totorum
448 2986 641 3044 inveniuntur,

375 3125 388 3172 1
408 3118 547 3186 utriusqui
564 3119 593 3172 P
604 3121 615 3187 11
627 3124 643 3170 6
656 3137 676 3186 q
688 3121 783 3172 uostos
794 3122 848 3186 (tos
861 3136 894 3173 en
905 3122 960 3184 tus)
974 3121 1003 3173 P
1014 3122 1024 3188 1
1037 3125 1053 3174 ‘l
1065 3120 1232 3175 adverbium
1249 3123 1292 3188 ost
1303 3124 1332 3177 P

305 3203 347 3271 119
365 3202 543 3270 unusquique
561 3203 590 3255 P
601 3204 611 3271 11
627 3207 656 3254 12
670 3220 688 3257 a
704 3203 767 3256 duis
779 3216 830 3260 om.
844 3203 879 3257 N
886 3206 896 3271 1
908 3204 1001 3258 rectit.
1019 3205 1060 3271 P,
1079 3205 1182 3260 rectius
1199 3219 1252 3259 ern.
1271 3206 1306 3260 N
1315 3208 1329 3276 11

307 3292 338 3340 13
355 3286 451 3354 ambo]
471 3285 528 3340 alio
546 3287 574 3339 P
592 3287 648 3354 114
665 3286 736 3339 alter
754 3301 806 3340 om.
824 3288 859 3340 N
874 3289 883 3353 11
903 3289 959 3341 rof.
978 3274 1073 3388 alippa
1096 3289 1146 3342 aut
1170 3277 1211 3345 art
1229 3291 1268 3358 (Ἰ.
1282 3289 1333 3360 &p

303 3401 420 3478 ponitur
431 3403 464 3455 in
480 3404 618 3478 margine)
641 3418 694 3456 nee
716 3381 853 3457 sibis⁷dce
871 3403 969 3457 dentes
981 3403 1014 3457 N
1027 3405 1155 3472 seqnitur
1166 3405 1191 3458 dr
1202 3405 1248 3458 hic
1260 3404 1329 3473 quid

303 3471 387 3588 pen.
403 3469 487 3552 corr.)
507 3470 620 3549 dictatu
639 3475 670 3523 16
688 3469 815 3538 virgilias
831 3470 882 3549 Pu
898 3476 928 3524 18
947 3471 990 3538 ac]
1010 3469 1063 3548 trac
1081 3472 1110 3524 P
1121 3473 1132 3540 11
1144 3478 1177 3525 22
1196 3472 1331 3526 acnoctit'

343 3538 399 3603 1123
417 3535 466 3589 rlla
482 3536 511 3589 P
522 3538 533 3605 1
545 3542 578 3589 25
596 3552 657 3605 rpso
676 3538 760 3605 pater
777 3552 890 3601 nomme
909 3537 928 3590 f.
946 3555 973 3590 u.
992 3538 1036 3591 lue
1055 3539 1090 3592 P.
1198 3578 1199 3581 η
