3210 4162
307 313 343 368 Vl
695 309 914 364 PRAEFATIO.

303 516 338 564 u,
366 514 386 554 a
409 499 440 554 et
461 515 484 554 u
509 495 694 571 permutatio
720 494 751 553 in
774 495 935 554 verborum
962 493 1088 570 syllabis
1110 492 1274 569 primitivis
1297 495 1330 552 et

303 584 420 642 ultimis
444 583 599 643 sollemnis
627 586 687 655 est,
716 581 794 640 unde
818 598 895 657 quae
917 581 1001 641 nasci
1023 581 1159 657 potuerit
1181 585 1213 640 et
1237 599 1327 656 saepe

303 674 378 731 nata
400 671 441 730 sit
459 672 596 732 confusio
615 670 704 730 facile
723 669 893 746 intellegas.
938 670 1064 728 bmodo
1084 669 1215 742 additur,
1237 668 1327 728 modo

304 759 466 820 omittitur.
500 761 714 836 permutantur
733 757 826 818 etiam
844 761 1041 818 consonantes
1060 777 1082 817 u
1100 762 1132 816 et
1150 759 1179 825 b,
1197 759 1217 831 f
1230 760 1262 816 et
1275 757 1330 831 pb,

303 847 1226 921 fetp,petb,dett,tetr,rets‚retualiee,
1251 863 1329 921 quae

303 934 565 1011 permutationum
578 951 698 1010 genera,
718 951 787 992 cum
801 933 839 991 ad
855 932 1135 1008 pronuntiationem
1153 932 1237 991 illius
1251 935 1327 990 tem-

303 1022 386 1096 poris
408 1023 569 1098 vulgarem
591 1020 830 1097 cognoscendam
852 1020 983 1079 multum
1005 1021 1142 1091 valeant,
1171 1039 1207 1078 ex
1237 1020 1329 1078 adno-

303 1107 419 1168 tatione
443 1109 550 1169 critica
575 1127 637 1167 nou
664 1108 784 1168 seclusi.
830 1107 937 1183 Neque
963 1108 1063 1166 minus
1092 1106 1131 1166 ad
1158 1125 1329 1166 sermonem

303 1195 464 1272 vulgarem
486 1197 607 1272 attinet,
630 1196 711 1271 quod
733 1213 773 1262 m,
791 1213 815 1262 a,
835 1200 846 1254 t
868 1195 990 1255 litterae
1008 1194 1113 1254 finales
1133 1194 1166 1254 in
1183 1193 1243 1253 fine
1262 1213 1330 1253 ver·

302 1283 412 1342 borum
434 1285 525 1344 modo
548 1284 703 1342 adduntur
720 1282 881 1359 superflue,
899 1283 988 1343 modo
1007 1282 1199 1342 omittuntur.
1233 1281 1330 1358 Scrip

302 1376 393 1431 turae
427 1371 595 1448 conpendia
623 1390 689 1430 cum
716 1370 859 1431 librarius
886 1389 947 1429 non
974 1369 1176 1431 intellexisset
1205 1372 1262 1445 14,
1288 1371 1330 1428 24

304 1462 363 1517 teat
389 1477 445 1533 pro
473 1463 568 1518 tenent
595 1461 647 1534 32,
672 1461 690 1517 9
717 1475 790 1531 cccc
815 1477 870 1534 pro
895 1475 1000 1532 ccccc
1028 1460 1086 1534 28,
1111 1462 1129 1518 7
1159 1464 1248 1531 capta
1275 1477 1331 1534 pro

303 1550 422 1618 caepta
441 1545 501 1605 alia
519 1546 551 1604 id
565 1564 662 1621 genus
677 1545 807 1621 scripsit,
820 1545 983 1606 verborum
992 1544 1201 1605 distinctiones
1211 1548 1333 1621 pertur-

303 1632 390 1692 bavit
408 1633 482 1691 loeis
501 1633 663 1709 permultis
681 1635 718 1691 ut
732 1634 837 1708 43,12
855 1649 924 1693 uere
937 1637 1010 1692 tenet
1026 1635 1129 1709 18,13
1146 1634 1220 1693 mult
1234 1634 1332 1692 lactor

302 1737 390 1778 nores
408 1721 478 1793 uass
499 1737 695 1780 secessuum
712 1722 792 1781 cessi.
825 1719 955 1796 denique
973 1721 1073 1795 spatia
1095 1719 1176 1779 inter
1194 1720 1330 1796 syllabas

303 1807 391 1866 verbi
410 1806 546 1866 ciusdem
565 1807 718 1866 exstantia
736 1800 789 1886 (cf.
807 1810 875 1881 sapi
893 1809 972 1868 entia
990 1810 1043 1881 23,
1064 1810 1083 1866 3
1102 1808 1172 1866 trade
1190 1809 1332 1867 dicionem

305 1897 357 1970 27,
373 1886 432 1974 22)
452 1895 523 1954 inde
547 1895 698 1970 explicare
715 1895 796 1971 licet,
820 1896 900 1971 quod
918 1894 1061 1955 librarius
1079 1898 1188 1971 utpote
1206 1895 1331 1972 linguae

303 1983 417 2042 latinas
436 2001 497 2042 non
516 1983 591 2042 satis
610 2000 724 2059 gnarus
743 1981 780 2042 dc
799 1983 989 2043 conectendis
1008 1982 1254 2060 disiungendisve
1272 1985 1332 2060 syl-

304 2069 383 2130 labis
406 2071 439 2128 in
461 2071 627 2145 exemplari
649 2069 708 2128 fine
731 2089 873 2129 versuum
897 2071 1049 2129 distractis
1073 2071 1181 2130 anxius
1205 2073 1281 2130 erat.

189 2205 198 2221 ,
268 2164 296 2219 N
396 2154 498 2216 Codex
521 2155 797 2233 Neapolitanus
827 2176 872 2216 nr.
896 2157 987 2215 IVA
1013 2160 1056 2217 34
1083 2159 1331 2217 membranaceus

303 2243 336 2303 in
359 2235 395 2303 4⁰
417 2244 561 2304 foliorum
586 2247 661 2321 289,
685 2263 812 2321 quorum
835 2263 906 2320 pars
930 2245 1013 2320 prior
1038 2238 1073 2325 (f.
1099 2238 1225 2326 1-91)
1250 2264 1274 2306 s.
1287 2245 1333 2304 IX

306 2324 355 2412 (ut
372 2331 564 2391 Bethmanno
587 2332 687 2391 obiter
709 2330 882 2407 inspicienti
899 2333 998 2392 visum
1022 2324 1084 2412 est)
1107 2333 1158 2392 vel
1176 2333 1204 2391 X
1227 2327 1278 2410 (ut
1293 2332 1327 2393 G.

304 2418 474 2494 Meynckio,
489 2419 538 2478 cui
553 2419 764 2495 apographum
777 2411 894 2499 debeo),
909 2420 1061 2495 posterior
1069 2438 1142 2480 vero
1156 2439 1228 2496 pars
1239 2423 1331 2495 paulo

305 2510 376 2582 post
394 2507 509 2582 scripta
528 2510 583 2567 est
613 2505 694 2566 Satis
709 2510 880 2566 accuratam
894 2508 1003 2567 codicis
1018 2507 1251 2583 descriptionem
1266 2509 1331 2569 Oet.

303 2593 451 2653 Ianellius
473 2595 506 2652 in
526 2595 666 2670 catalogo
685 2594 759 2653 bibl.
778 2595 831 2653 lat.
849 2599 909 2655 vet.
929 2599 960 2655 et
978 2597 1066 2657 cluss.
1084 2614 1234 2656 manuscr.
1254 2614 1331 2673 quae

304 2680 338 2738 in
359 2680 446 2756 regio
470 2681 672 2756 Neapolitano
701 2699 805 2740 museo
829 2681 998 2742 Borbonico
1026 2684 1202 2742 asservatur
1229 2704 1258 2760 p.
1288 2686 1330 2744 26

305 2768 442 2827 confecit.
461 2768 564 2842 Atque
588 2786 659 2843 pars
683 2769 768 2843 prior
789 2769 843 2827 illa
866 2769 1114 2845 quaternionibus
1137 2769 1329 2831 1-x100n-

304 2854 434 2930 tinetur,
458 2873 527 2913 cum
544 2855 619 2914 haec
638 2856 788 2915 recentior
809 2858 895 2916 novis
918 2857 1052 2917 numeris
1075 2857 1190 2917 litteris
1215 2859 1331 2918 scilicet

304 2941 395 3000 A-I
427 2941 543 3017 pagina
574 2945 659 3001 recta
691 2936 726 3019 (f.
757 2936 927 3024 92-167)
960 2944 1068 3004 ceteris
1100 2945 1215 3021 pagina
1241 2964 1332 3006 versa

306 3020 341 3113 (f.
359 3021 552 3109 168-289)
572 3029 693 3105 scriptis
712 3029 859 3107 insignita
877 3032 925 3091 sit
962 3031 1028 3091 Hae
1039 3031 1143 3092 variae
1160 3033 1330 3109 scripturae

303 3120 409 3193 partes
422 3117 517 3176 variis
535 3117 673 3177 manibus
692 3121 765 3177 suut
781 3118 976 3195 perscriptae.
1016 3119 1110 3179 Liber
1129 3119 1203 3180 olim
1217 3120 1331 3180 ltomae

304 3204 338 3262 iu
361 3203 547 3264 bibliotheca
570 3207 617 3265 dci
633 3208 768 3280 principi
789 3207 923 3267 Faracsc
945 3210 1120 3268 asservatus
1143 3211 1204 3285 est3
1228 3227 1251 3268 s.
1270 3208 1331 3267 XII

305 3291 412 3350 fratris
434 3291 593 3350 cuiusdam
611 3292 751 3368 Wigradi
774 3292 868 3353 fuisse
891 3294 1021 3366 videtur,
1044 3297 1131 3354 cuius
1154 3297 1331 3356 memoriale

306 3397 343 3437 ex
370 3377 444 3438 folio
471 3378 582 3438 ultimo
612 3372 718 3457 (289¹)
745 3381 777 3439 in
804 3383 1057 3442 commentatione
1086 3401 1179 3459 supra
1205 3384 1332 3443 laudata

306 3486 336 3543 p,
354 3466 394 3524 16
411 3465 499 3526 edidi
537 3465 630 3526 Liber
649 3468 688 3526 ab
705 3467 794 3532 initio
808 3467 982 3545 mutilatus,
1000 3470 1107 3547 incipit
1121 3471 1203 3530 enim
1216 3471 1331 3531 verbis:

305 3556 404 3628 ursam
426 3571 490 3614 ran
513 3556 660 3629 exprimat
682 3558 709 3615 ct
731 3557 869 3617 coeteris
886 3558 973 3618 rebus
990 3559 1124 3632 sesemet
1144 3583 1186 3606 ε
1205 3558 1333 3636 Pompei
