3210 4162
232 285 276 349 42
469 281 623 337 VIRGILII
641 281 808 338 MARONIS
827 280 1025 338 EPITOMAE.

232 437 322 502 uiros
353 436 431 501 orto
462 435 547 501 dedit
573 434 687 502 Sicilie
720 435 896 498 etiterum
923 431 1095 499 Serenus
1121 438 1261 500 oooetem

233 522 363 585 deorum
391 519 538 584 cultorem
560 521 631 600 quis
652 539 717 584 ooo
739 519 894 584 laudubit.
938 518 1016 582 item
1038 537 1100 583 eon
1123 519 1260 583 eundem

229 605 395 686 perfortem
416 604 452 668 in
472 605 590 668 eunetis
612 607 730 685 oportet
750 622 882 668 orestem
896 604 1017 668 uirum.
1051 599 1133 667 seire
1148 603 1260 686 itaque

235 687 404 769 debemus,
427 688 513 771 quod
530 708 567 750 ea
580 687 678 769 paulo
701 687 825 751 rariore
847 689 939 768 sunt,
962 685 1004 750 ob
1026 686 1089 751 hoo
1111 686 1259 751 doctores

206 774 437 854 opossuerunt
463 791 528 834 non
550 791 614 854 quo
637 790 753 834 nocere
776 770 892 834 uellint
906 769 1107 834 auditoribus
1123 771 1188 835 suis
1203 770 1259 833 sed

232 855 399 938 proficere,
423 856 460 916 ut
482 874 554 917 oum
575 852 654 916 haee
676 853 710 917 in
734 874 847 917 eorum
869 853 1088 918 uidauerimus
1109 853 1258 937 operibus

234 939 407 1018 inscribis,
427 941 582 1021 tanquam
604 937 683 1002 trite
706 941 739 1002 et
761 937 893 1020 cognite
915 939 950 1001 in
971 959 1048 1001 ussu
1069 937 1258 1002 habeamus.

522 1136 580 1200 VI.
615 1135 674 1200 Du
697 1135 972 1202 PRONOMINE.

317 1269 527 1336 Reddidimus
542 1274 579 1333 ut
592 1270 756 1352 potuimus
771 1271 935 1353 superiore
948 1271 1089 1354 epitoma
1100 1271 1256 1336 rationem

231 1354 482 1438 requirentibus,
507 1375 572 1436 que
593 1353 710 1416 diuitis
731 1375 852 1418 nomen
873 1355 972 1418 uerbo
995 1355 1256 1436 praetulerimus.

193 1466 218 1506 ro
232 1458 319 1501 nuno
348 1436 430 1501 aliut
451 1437 648 1521 quaestionis
676 1437 816 1499 inminet
838 1456 955 1520 genus,
985 1459 1041 1500 our
1063 1437 1160 1501 etiam
1182 1459 1260 1521 pro·

231 1541 350 1585 nomen
378 1520 513 1585 uerbum
540 1520 727 1604 praecedat,
756 1540 830 1584 oum
859 1520 993 1585 uerbum
1016 1521 1162 1584 omnium
1185 1543 1258 1604 per-

231 1605 314 1668 tium
343 1604 510 1687 egregium
541 1605 592 1668 sit.
637 1603 753 1686 quibus
782 1603 847 1668 hoo
873 1605 969 1667 modo
998 1605 1258 1686 respondendum

231 1692 296 1771 est,
327 1689 412 1772 quod
441 1687 475 1751 in
503 1686 661 1750 diuisione
689 1687 834 1751 omnium
856 1688 999 1769 partium
1020 1688 1177 1752 orationis
1200 1688 1258 1752 alii

231 1774 305 1835 outo
320 1775 430 1854 partes
446 1770 565 1853 dixere,
579 1770 730 1835 nonnulli
743 1770 881 1834 eundern
894 1793 1064 1835 numerum
1075 1772 1258 1836 minuentes

193 1875 350 1920 unomen
384 1859 417 1919 et
453 1875 634 1937 pronomen
666 1855 702 1918 in
730 1855 865 1918 eandem
892 1859 1016 1938 partem
1044 1855 1258 1940 redigendum

234 2011 434 2020 --—..--—--·

298 2111 323 2158 8.
341 2103 412 2158 Erro.
431 2103 519 2158 Bere.
538 2108 602 2168 190,
620 2106 670 2157 20:
697 2102 884 2157 Reddidimus
906 2105 939 2156 ut
955 2105 1099 2172 potuimus
1117 2103 1257 2180 superiori

230 2204 434 2272 superscriptio
458 2202 528 2270 (ioni
545 2217 615 2256 corr.
633 2219 668 2256 m.
687 2205 716 2269 2)
742 2201 888 2272 epithema
904 2233 938 2242 ·-
956 2203 1047 2257 diutia
1064 2234 1098 2244 —
1116 2182 1206 2258 verbli
1223 2233 1255 2242 —

229 2270 377 2339 praeeedit
401 2299 432 2310 -
456 2269 643 2338 redigendum
666 2271 892 2337 putaverunt-
911 2271 972 2323 eret
993 2272 1114 2338 (turos.
1133 2273 1151 2325 l.
1172 2288 1208 2327 m.
1226 2274 1256 2337 2)

228 2365 260 2376 -
284 2337 337 2390 huc
361 2337 425 2405 (pro
449 2336 603 2403 11201112)
622 2364 654 2375 -
674 2337 747 2389 siout
769 2352 821 2389 neo
843 2337 930 2402 serius
946 2337 1080 2406 (armiger
1102 2337 1258 2390 secernitur

228 2418 250 2457 o.
263 2403 280 2459 l.
293 2419 328 2459 m.
341 2406 371 2468 2)
389 2419 407 2458 e
422 2418 498 2473 rege.
522 2418 677 2470 pronomen
696 2403 740 2456 est
751 2401 1010 2475 subministratoriu
1021 2419 1087 2470 pers
1098 2420 1172 2472 quse
1186 2403 1256 2470 quid

230 2468 377 2538 (quicquid
399 2484 469 2525 oorr.
487 2486 521 2524 m.
540 2473 571 2536 2)
593 2499 625 2508 -
647 2469 839 2524 amminuoulo
863 2469 1014 2538 (adiutorio
1032 2486 1055 2527 e.
1074 2470 1091 2524 l.
1111 2487 1146 2528 m.
1164 2475 1194 2533 2)
1212 2470 1255 2523 in·

229 2537 312 2590 firme
329 2538 396 2602 (non
415 2537 524 2591 stabilis
535 2553 557 2592 s.
570 2539 588 2595 l.
602 2554 638 2590 m.
652 2541 684 2602 2)
704 2571 736 2581 -
754 2536 876 2591 videtur.
913 2537 948 2602 ef.
964 2537 1047 2591 ozon.
1061 2551 1117 2592 erro.
1131 2537 1162 2606 (s.
1176 2539 1254 2599 ethi:

229 2603 280 2655 Est
297 2602 373 2657 enim
411 2619 546 2657 nonomen
566 2602 839 2658 subministratoriee
856 2619 923 2670 pers
942 2603 1122 2656 orationis-
1135 2603 1256 2657 admini-

229 2669 293 2722 culo
312 2698 345 2708 -
364 2620 478 2722 videtur
495 2685 555 2723 esse
574 2701 607 2710 -
625 2670 800 2723 adiumento.
899 2675 938 2724 14.
957 2670 1028 2727 Euo.
1047 2668 1138 2724 Nune.
1154 2686 1185 2736 p.
1205 2673 1255 2723 192

228 2735 365 2789 Nonnulli
389 2736 518 2790 eumdem
542 2752 692 2791 numerum
715 2735 876 2790 minuentes
893 2735 924 2789 in
942 2736 1071 2791 eumdem
1090 2739 1201 2806 portem
1221 2765 1256 2776 -

229 2801 326 2856 dixere
345 2804 377 2856 ut
394 2832 428 2843 -
445 2803 635 2873 perticipium.

296 3025 312 3071 ‘2
336 3034 390 3073 eon
406 3019 434 3072 P
446 3021 456 3086 ll
469 3025 484 3073 3
503 2988 599 3073 cuncti
611 3021 639 3073 P
651 3021 661 3097 l}
673 3019 756 3086 scire]
768 3034 825 3071 non
838 3035 867 3072 se
880 3020 909 3072 P
921 3021 931 3086 l
945 3020 1149 3098 timeription.
1162 3036 1213 3074 om.
1226 3022 1254 3075 P

230 3085 243 3154 Η
254 3083 311 3139 Dee
321 3087 440 3154 pronoffi
450 3085 485 3139 N
493 3087 502 3154 l
515 3085 555 3141 ef.
566 3100 711 3154 superiore
720 3088 839 3195 ppgpsto
852 3087 977 3139 humanu
989 3089 1252 3157 ret10nerequiren-

227 3202 304 3256 tibus
321 3202 356 3255 N
365 3203 375 3270 l
388 3208 403 3257 8
422 3201 575 3271 aephtomo
590 3204 619 3257 P
631 3204 670 3270 119
688 3202 789 3256 divitie
805 3203 840 3256 N
848 3205 858 3270 ΙΙ
873 3209 904 3257 10
917 3203 1083 3269 quaeseionis
1099 3204 1140 3268 P,
1158 3233 1191 3243 -
1204 3221 1254 3258 nes

227 3284 262 3322 err
279 3268 323 3321 nis
339 3285 409 3323 corr.
421 3270 454 3323 ire
471 3269 506 3321 N
538 3276 568 3323 11
587 3269 736 3338 praeeedit
753 3269 788 3323 N
796 3272 807 3337 ΙΙ
819 3285 870 3322 our
886 3271 915 3322 P
927 3271 937 3337 ΙΙ
951 3277 982 3323 12
1001 3269 1195 3339 quibus-est]
1215 3271 1252 3338 P,

226 3336 306 3402 It(==
316 3336 487 3404 respondeo)
539 3336 550 3405 ΙΙ
563 3342 595 3391 13
605 3335 798 3391 divisionisP¹
813 3337 823 3404 Ι)
838 3341 869 3390 14
880 3337 960 3390 dixei
970 3342 1103 3404 (encorr.)
1116 3335 1151 3390 N
1159 3338 1168 3405 l
1182 3355 1253 3390 nun-

227 3434 297 3487 nuur
319 3435 360 3500 Ρ,
384 3416 491 3489 ¹¹⁰¹tu1n
508 3435 561 3505 Nl
575 3436 696 3490 euntem
715 3455 742 3489 n.
761 3452 813 3491 om.
831 3436 890 3504 Νι)
908 3442 940 3490 rs
959 3436 1060 3490 eadem
1078 3438 1158 3505 ΡΝ)
1171 3441 1253 3507 parre

227 3532 261 3587 N
273 3535 284 3600 ΙΙ
300 3512 447 3589 rediirunt
465 3534 505 3592 Ν.
