3210 4162
264 282 326 349 112
494 279 649 336 VIRGILII
666 277 834 334 MARONIS
851 277 1065 333 EPISTOLAE.

262 437 431 503 lacrumas.
477 432 533 497 sed
567 431 724 515 quaedam
757 450 867 495 eorum
899 429 1128 494 discretionem
1158 427 1289 511 habent,

263 519 423 603 quaedam
445 537 523 581 uero
545 519 678 600 propter
700 514 805 580 solam
825 513 1052 578 inuentionem
1066 513 1165 578 scribi
1180 513 1290 578 dicun·

261 608 330 686 lur3
365 600 450 685 quod
485 605 595 664 tamen
628 620 648 663 a
675 599 836 682 plerisque
865 597 1033 663 doelorum
1059 597 1130 661 fieri
1159 598 1290 661 omnino

261 705 358 770 posse
380 688 535 768 negatur,
558 682 798 747 adfirmaniium
813 681 939 745 nullum
955 682 1085 764 penitus
1100 701 1221 746 nomen
1237 682 1289 743 aul

235 771 398 836 suerbum
427 772 485 832 aul
511 767 654 850 aliquam
682 766 840 830 orationis
875 768 1002 849 pariam
1036 767 1135 829 immo
1169 763 1290 828 nullam

262 875 347 937 pene
376 852 534 936 syllabam
562 855 619 916 aui
647 850 773 914 literam
801 849 899 914 scribi
922 870 989 913 non
1011 848 1140 913 ratione
1162 848 1290 932 plenem

261 939 316 1002 uel
338 937 477 1019 quadam
500 935 550 998 sui
571 934 768 1017 proprietate
789 934 943 1016 poluisse.
982 953 1041 996 nos
1065 932 1204 1016 denique
1220 953 1291 997 cum

262 1020 401 1085 dicimus
424 1020 579 1084 &sedilium
606 1017 838 1081 iocunditatem
861 1015 963 1080 animi
986 1015 1207 1100 significamus
1229 1020 1291 1081 sis·

261 1105 362 1168 bilem
385 1107 419 1168 el
440 1101 678 1185 quodammodo
700 1121 893 1183 perennem,
925 1102 958 1164 et
980 1101 1129 1164 loetitiem
1157 1099 1184 1162 si
1207 1099 1291 1165 dicer

225 1210 250 1250 ¹⁰
262 1187 441 1335 lillisllb
442 1188 620 1333 ildloill
647 1183 1127 1332 illlllldlllulldlallllmm
1153 1185 1292 1267 illm

348 1351 412 1416 Est
433 1352 532 1415 etiam
553 1288 672 1433 unffi,
694 1370 831 1433 uespere,
854 1370 1031 1434 uesperum,
1052 1370 1195 1432 uespera
1238 1349 1292 1414 hic

263 1457 374 1502 cassus
389 1434 613 1499 nominaliuus
629 1434 829 1517 quadruplex
844 1437 909 1518 θείς
929 1435 1021 1498 cuius
1037 1433 1217 1498 deferentia
1231 1433 1292 1498 hoc

263 1523 342 1597 erit,
366 1518 452 1600 quod
473 1537 585 1599 uesper
607 1517 736 1600 quidem
757 1518 875 1581 dicitur
890 1520 1155 1600 quoliescumque
1171 1517 1218 1581 sol
1234 1539 1292 1581 nu·

224 1625 251 1664 ιθ
262 1604 360 1667 bibus
383 1604 440 1666 aut
462 1602 540 1664 luuu
561 1599 781 1684 ferruginibus
804 1621 1007 1684 quacumque
1030 1600 1094 1663 diei
1115 1603 1173 1665 uui
1187 1600 1292 1664 noolis

263 1686 345 1748 hora
379 1687 566 1768 obtegatur,
602 1688 634 1748 el
667 1684 727 1748 hoc
760 1688 910 1748 neutrum
945 1687 982 1746 ut
1012 1703 1123 1765 uesper
1153 1685 1293 1765 aceperis

262 1789 374 1849 uesper
396 1787 531 1849 uespere.
569 1770 604 1831 ai
624 1766 825 1831 nominaliuo
847 1787 974 1849 uespere
996 1772 1130 1832 uocatur
1150 1768 1191 1830 eb
1212 1769 1294 1832 hora

262 1873 352 1915 nona
380 1851 446 1914 sole
475 1851 647 1914 discessum
669 1850 859 1932 incohante3
889 1851 944 1915 sed
968 1850 1031 1915 hoo
1052 1871 1174 1915 nomen
1196 1851 1293 1916 deeli-

262 1936 434 1998 nalionem
456 1934 580 1998 nullam
602 1933 709 1998 habet.
746 1955 911 2017 uesperum
933 1937 1042 1998 autem
1065 1938 1116 1999 est
1137 1955 1209 1999 cum
1224 1935 1293 2000 sole

224 2019 433 2082 concidente
461 2018 530 2081 dies
559 2017 681 2098 delicit,
711 2021 745 2082 ei
766 2019 813 2083 sio
835 2018 1016 2082 declinatur
1038 2039 1204 2102 uesperum
1225 2039 1293 2084 ues-

261 2103 333 2184 peri
354 2121 485 2182 uespere
506 2120 671 2182 uesperum
692 2120 830 2182 uespere.
867 2121 1001 2183 uespera
1025 2105 1089 2184 esi,
1114 2123 1187 2166 cum
1210 2103 1291 2166 lucis

263 2185 390 2248 oriente
420 2204 538 2247 aurora
565 2204 632 2247 nox
656 2184 803 2248 finiatur:
833 2186 953 2248 etenim
983 2184 1068 2250 sicul
1095 2185 1164 2248 dies
1186 2185 1292 2249 noetis

263 2287 413 2331 successu
442 2286 622 2349 uesperum,
658 2267 704 2330 sic
733 2270 766 2331 ei
793 2288 859 2331 nox
888 2267 951 2332 diei
981 2272 1095 2332 exortu
1124 2289 1291 2351 uesperam

262 2350 378 2431 habel,
417 2352 449 2413 et
483 2352 531 2414 sio
565 2349 746 2415 declinatur
779 2371 912 2433 uespera
946 2371 1097 2433 desperas
1126 2355 1292 2433 uesperum

240 2542 242 2546 ·
333 2536 374 2607 ¹²:
395 2531 507 2600 Quoeet.
518 2545 632 2600 oramus.
645 2532 703 2586 cod.
715 2533 802 2589 Bere.
815 2534 868 2586 123
876 2549 905 2600 p.
918 2537 984 2595 178,
1002 2537 1040 2587 24
1052 2533 1168 2601 (Auecd.
1185 2533 1290 2601 Helo.):

263 2597 402 2665 Virgilius
427 2597 522 2651 omnia
542 2598 613 2675 haec
632 2597 806 2653 demonsirui
824 2599 935 2653 dicensi
965 2600 1017 2652 Esl
1034 2601 1120 2654 eliam
1139 2616 1187 2653 ves
1209 2617 1240 2653 er
1259 2629 1290 2639 -

263 2679 384 2780 vespera
406 2679 563 2782 vesperuml
579 2664 625 2718 hro
647 2681 714 2719 vero
738 2696 772 2704 —
795 2664 956 2744 differentia
978 2667 1049 2720 haec
1072 2669 1156 2746 —le
1179 2619 1236 2745 [lun
1258 2697 1291 2706 —

262 2732 612 2850 desumendum
629 2746 731 2873 {llll
747 2734 1292 2877 dulcedidinisdruells

264 2862 333 2914 dum
352 2891 385 2901 -
402 2877 522 2929 vespero
540 2864 570 2915 et
587 2863 705 2932 reliquo¹
734 2880 855 2934 vespera
873 2868 917 2920 esi
934 2900 968 2909 —
985 2867 1083 2920 finitur
1101 2870 1130 2920 et
1147 2884 1186 2921 erc
1205 2866 1290 2921 decli·

262 2931 348 3006 netur
365 2944 486 3006 vespera
503 2944 639 3008 vesperae
658 2947 794 2999 vesperae
813 2932 981 3000 etreliqua.
1015 2934 1061 2987 hic
1079 2934 1154 2988 locres
1175 2933 1292 3004 Vereins·

261 3010 374 3048 menone
392 3009 490 3048 omisso
508 2996 610 3064 leptim·
627 2997 659 3050 in
672 3001 768 3063 prima
779 2999 840 3054 cod.
852 2998 939 3054 Ber-u,
953 3003 1009 3054 286
1016 3001 1126 3068 papien
1137 3017 1159 3055 s.
1173 3001 1204 3054 X
1216 3005 1291 3069 (teste

262 3061 409 3138 liopertum
437 3061 582 3130 obtegit-ur
601 3093 632 3102 -
650 3079 715 3117 cum
733 3065 791 3118 sole
809 3094 842 3104 -
861 3081 964 3120 aurora
985 3069 1162 3120 monstretur
1184 3068 1290 3121 etenim

263 3128 338 3205 sicut
355 3126 416 3180 dies
435 3142 593 3203 successum
612 3130 704 3183 noctis
721 3147 869 3200 vesperum
888 3133 977 3186 habel
995 3133 1034 3187 sio
1047 3133 1180 3187 -habet
1198 3135 1228 3187 et
1246 3135 1289 3187 esi

262 3209 373 3261 prunae
393 3193 588 3248 declinationis
607 3201 655 3250 etc.

331 3363 348 3411 6
366 3357 489 3413 sartione
508 3359 542 3412 N
557 3361 600 3427 119
618 3376 743 3429 perenne
761 3362 796 3416 N
809 3378 878 3418 corr.
896 3365 984 3433 Mein
998 3372 1028 3418 11
1049 3366 1146 3420 addite
1165 3368 1290 3435 gratulu-

262 3425 371 3478 iionem
389 3415 423 3480 N
436 3440 506 3480 corr.
518 3426 605 3496 Μαίη
621 3433 650 3481 12
668 3431 788 3497 vesperi
804 3430 838 3484 N
846 3433 856 3499 ΙΙ
871 3437 902 3486 16
921 3432 1074 3502 obtegaiur
1092 3435 1121 3502 (a
1132 3437 1214 3502 corr.)
1233 3433 1267 3488 N
1274 3433 1288 3504 ll

264 3530 296 3580 18
315 3523 476 3595 discessum
492 3495 653 3582 inchosaule
672 3528 702 3596 (h
719 3531 799 3598 crae)
817 3529 852 3584 N
859 3533 869 3599 l
884 3538 915 3585 19
935 3531 978 3587 sol
996 3532 1094 3602 Ν1123
1113 3535 1211 3588 exorto
1228 3534 1267 3590 N.
