3210 4162
216 255 279 320 130
448 249 604 307 VIRGlLII
622 249 789 307 MARONIS
806 248 1013 307 malarouta.

301 404 387 470 Sunt
408 405 503 470 etiam
520 403 731 487 pronomina,
754 424 835 486 quae
850 402 1015 468 nonnullis
1031 401 1157 468 adiecta
1172 423 1242 468 esse

216 490 351 555 eredunt
351 510 389 552 ur
411 494 482 554 ιιιι
434 489 545 554 trata
566 488 694 571 legatur
713 491 746 552 et
760 488 883 569 qualo&
906 508 986 569 quae
1001 489 1125 572 primae
1139 487 1240 570 possi·

215 573 315 638 tionis
342 573 478 636 nomina
504 569 751 654 pronominibus
780 592 847 635 non
870 571 1035 654 accidunt,
1066 571 1119 635 uel
1140 592 1179 634 ex
1202 591 1240 634 eo

215 656 305 754 quod
314 656 512 720 adieetorum
523 655 692 719 nominum
705 653 800 719 modo
813 654 1017 719 declinantur
1031 655 1153 721 attalia
1165 654 1240 719 totis

188 740 321 823 aqualis
342 740 463 820 qualib,
494 760 575 836 quae
604 737 804 802 consuetudo
827 738 1073 822 pronominibus
1096 737 1240 802 accidere

213 845 282 921 non
309 823 405 908 solet,
438 822 619 887 declinandi
648 818 769 886 etenim
797 823 970 905 genetiuus
993 843 1101 886 cassus
1124 841 1239 905 prono·

214 907 339 972 minum
362 873 567 971 mirltorum
557 928 594 970 ιιι
615 909 667 972 ius
688 905 845 1002 syllabam
867 907 1060 971 terminatur
1074 915 1107 970 et
1120 905 1240 969 nullius

213 993 248 1054 in
270 993 307 1056 is.
350 990 487 1072 denique
515 991 584 1085 qui
599 990 830 1071 pronominum
858 993 960 1052 artem
988 990 1151 1068 scribunt,
1180 990 1241 1052 hae

214 1072 341 1137 dubitat
292 1073 415 1136 ttione
445 1073 603 1169 sermonis
625 1072 777 1136 fiduciam
798 1073 1027 1156 praepediente
1050 1093 1170 1168 genera
1191 1073 1239 1135 in

176 1157 362 1252 roquientes
390 1156 620 1238 pronominum
648 1156 734 1238 quod
756 1160 835 1219 sunt
867 1155 979 1220 eadem
1007 1155 1075 1221 fere
1103 1156 1187 1219 sieut
1208 1159 1241 1217 et

164 1294 167 1300 .
213 1239 398 1336 nominum,
428 1260 495 1303 non
524 1239 646 1302 audent
669 1237 771 1301 fident
757 1242 807 1302 ter
828 1238 951 1322 dicere,
981 1259 1099 1335 genera
1120 1257 1238 1321 prono·

213 1323 339 1386 minum
362 1322 472 1387 eadem
496 1343 577 1405 quae
600 1325 633 1385 et
653 1321 838 1404 nominum,
862 1342 934 1386 eum
957 1343 977 1384 a
966 1323 1151 1419 'plerisque
1167 1321 1240 1385 doo-

213 1406 338 1471 toribus
352 1407 486 1470 audiant
502 1425 671 1470 commune
686 1405 811 1468 duobus
823 1405 1054 1489 pronominum
1067 1404 1240 1489 generibus

212 1491 398 1587 legittime„
400 1511 466 1553 non
493 1489 620 1572 haberi,
649 1490 711 1553 hae
739 1510 837 1553 eausa
867 1489 986 1554 eisdem
1009 1489 1081 1553 adst
1067 1490 1237 1572 tipulante,

176 1599 199 1639 ιι
214 1574 299 1658 quod
323 1595 361 1637 ex
376 1573 416 1637 iis
430 1573 602 1656 praedietis
617 1573 821 1652 nominibus,
846 1594 927 1655 quae
943 1576 1020 1636 sunt
1034 1573 1109 1637 talis
1123 1573 1237 1653 quatis,

214 1657 367 1720 aduerbia
382 1677 472 1720 nasor
464 1656 655 1719 euidenter
669 1656 797 1720 soleant
812 1661 849 1718 ut
863 1657 969 1752 taliter
983 1657 1129 1738 qualiter.
1163 1655 1241 1719 lieet

214 1741 300 1804 enim
340 1761 379 1802 ex
411 1740 655 1837 pronominibus
688 1738 844 1803 aduerbia
878 1740 988 1803 uenire
1022 1739 1172 1802 dieantur
1203 1741 1240 1801 ιιι

213 1825 343 1889 meatim
365 1825 482 1888 tuatim
502 1824 620 1888 suatim
643 1825 814 1888 nostratim
835 1824 1015 1898 uestrattm,
1044 1826 1153 1885 tamen
1175 1822 1239 1885 nisi

214 1906 348 1970 adiectis
370 1905 556 1970 nominibus
572 1907 753 1970 aduerbia'
743 1928 778 1971 ιιι
797 1911 844 1970 ιιι
864 1871 1020 1990 syllabarii
1036 1905 1136 1969 latine
1152 1905 1239 1968 exire

175 1991 276 2055 sorite
304 2010 398 2072 posse
425 1993 596 2086 negantur.
636 1992 686 2053 est
714 1993 747 2052 et
774 1988 871 2053 aliam
901 2010 1047 2072 oausam,
1074 2010 1138 2072 qua
1159 1991 1239 2051 haee

213 2073 348 2138 nomina
380 2071 504 2136 adiecta
536 2073 645 2155 potius
678 2092 774 2155 quam
809 2073 1002 2155 pronomina
1035 2076 1237 2153 censeantur,

213 2158 289 2238 quia
310 2156 458 2219 neutrale
480 2177 599 2219 nomen
622 2157 657 2218 in
680 2176 696 2219 e
717 2155 841 2219 habent
827 2159 892 2219 tut
907 2157 971 2222 tale
984 2157 1085 2301 quate.
1122 2157 1160 2219 de
1175 2155 1239 2219 hiis

211 2238 457 2335 pronominibus
480 2239 532 2301 uel
554 2238 741 2302 nominibus
764 2238 843 2302 talia
865 2239 997 2302 diota
973 2242 1048 2302 sint.

298 2322 374 2384 Alia
396 2326 474 2384 sunt
495 2322 703 2403 pronomina,
734 2343 816 2405 quae
839 2322 1005 2417 geminata
1027 2325 1182 2385 uocantur
1204 2324 1240 2384 ut

174 2431 199 2470 ιι
212 2407 283 2485 quis
299 2406 364 2485 qui,
388 2425 470 2486 qaae
485 2425 558 2485 qua,
574 2406 658 2485 qaod
672 2407 766 2502 quiet:
788 2405 874 2468 unde
891 2405 946 2468 et
937 2427 972 2467 m
989 2403 1130 2468 ablatiuo
1146 2425 1238 2468 cassu

212 2489 414 2552 habemuse
437 2508 497 2568 quo
521 2487 572 2551 uel
596 2509 617 2550 ιι
640 2489 712 2569 qut,
737 2507 846 2583 aqua
868 2489 921 2550 uel
943 2509 965 2552 a
987 2490 1058 2568 qui,
1081 2509 1103 2551 a
1125 2488 1239 2568 quitus

212 2571 265 2635 uel
288 2592 309 2634 α
332 2572 411 2651 quis.
450 2571 638 2652 quibusdam
660 2573 771 2634 tamen
793 2571 899 2634 uisum
923 2575 973 2634 est
992 2569 1126 2652 patalia
1141 2569 1237 2634 deeli-

212 2655 346 2719 natione
370 2655 483 2737 potiri,
507 2657 544 2717 ut
566 2653 671 2717 tribus
693 2656 804 2717 tamen
828 2654 953 2718 uicibus
976 2655 1158 2718 flecteretur
1178 2675 1239 2719 no·

211 2739 371 2801 minutiae
386 2739 552 2820 utriusque
566 2738 695 2801 numeri
712 2742 744 2800 et
759 2738 904 2801 ablatiuo
918 2739 1055 2802 totidem
1071 2738 1238 2821 utriusque

173 2847 199 2887 ao
212 2821 349 2884 numeri.
383 2821 533 2885 nonnulli
549 2821 751 2884 contendunt
765 2821 822 2902 qui
837 2821 925 2884 omni
942 2821 1054 2904 generi
1068 2821 1237 2903 quoaptari

211 2925 322 2986 posse,
352 2904 470 2986 quippe
492 2926 563 2967 eum
587 2905 621 2967 in
644 2904 733 2968 ablat
734 2904 789 2967 iuo
812 2904 956 2968 dieamus
979 2926 1000 2969 ιι
1023 2906 1078 2985 qut
1100 2907 1187 2982 utro,
1217 2925 1239 2968 ιι

213 3024 417 3032 ——m

280 3091 322 3141 30
340 3085 411 3143 Eae.
430 3085 517 3142 Besa.
534 3089 597 3151 195,
615 3088 665 3140 21:
693 3084 831 3140 Nonnulli
850 3085 1074 3138 contendunt-
1094 3085 1186 3139 dicam
1204 3115 1238 3126 -

211 3150 474 3274 v-iririiismobiqm
491 3152 609 3207 muliere
628 3151 684 3204 dici
704 3152 865 3206 deberet-
879 3152 1030 3206 mulierum
1049 3153 1099 3221 qui
1115 3151 1238 3206 nominis

280 3369 420 3421 atalitas
442 3370 477 3422 N
494 3385 562 3423 corr.
583 3369 707 3423 Matr
730 3369 886 3423 multarum
907 3369 942 3423 N
986 3376 1019 3423 10
1042 3370 1186 3438 quotNll
1206 3374 1238 3422 14

210 3435 281 3488 haec
297 3433 350 3500 ΝΙ
366 3441 396 3488 19
415 3435 552 3489 adverbia
569 3436 644 3489 inter
705 3437 715 3502 ΙΙ
728 3440 761 3489 25
780 3437 918 3514 quotquid
978 3437 989 3504 ιι
1003 3443 1035 3490 27
1042 3371 1232 3504 quibusdam]

211 3500 313 3568 quibus
368 3501 534 3569 ,aliquibus
552 3501 638 3570 Muill
650 3507 683 3556 31
704 3518 722 3556 a
740 3502 816 3570 qui(
817 3502 880 3558 ιιι
897 3504 925 3570 a)
943 3502 982 3556 Ν.
