3210 4162
230 281 274 345 60
466 241 619 335 vrsami
638 279 806 336 nraorus
824 279 1025 341 EPITOMAE.

230 454 292 499 nec
316 434 449 498 omnino
474 440 619 519 correpta
641 437 678 499 ut
700 436 837 517 coempto
854 437 927 518 pis,
950 436 1070 520 aspicio
1092 437 1146 501 cis.
1181 456 1257 502 nam

230 518 265 581 in
287 517 464 601 praeterito
486 519 610 601 syllaba
632 540 697 583 non
714 519 852 598 additur,
876 519 931 582 sed
951 519 1057 582 media
1076 519 1169 583 litera
1190 538 1259 583 mo·

229 604 318 665 tatur
351 605 389 666 ut
415 605 537 684 suscepi
563 605 595 667 et
621 623 776 687 praesens
805 605 934 684 tempus
961 602 1144 685 imperatiui
1170 602 1257 667 modi

229 686 355 749 nonin
378 686 391 750 i
412 686 612 770 productam,
635 685 691 750 sed
713 687 749 749 in
771 706 787 750 e
807 689 990 768 correptam
1010 686 1112 750 mittit
1134 691 1171 750 ut
1188 706 1257 752 sos-

203 770 432 917 ⁶tlttntlli⁰l
445 770 523 917 all
545 768 1259 938 tttmtnttdlgtttlittet

384 901 391 916 .
1086 904 1094 934 ,
1136 929 1149 939 ·

229 935 355 1001 duabus
391 937 557 1002 uocalibus
588 939 625 1001 in
659 938 748 1001 omni
783 937 1003 1001 declinatione
1034 937 1190 1002 finiuntur
1222 941 1259 1001 ut

229 1020 334 1086 boscio
367 1021 506 1104 bareas,
536 1023 623 1088 tunm
651 1022 792 1105 tripudio
825 1022 920 1087 radio
955 1026 989 1086 et
1016 1025 1133 1087 cetera.
1182 1025 1259 1087 sunt

227 1104 346 1187 uerba,
376 1125 457 1187 quae
486 1107 601 1170 tertiae
629 1106 871 1190 coniugationis
900 1105 1077 1189 productae
1105 1105 1258 1170 amultis

190 1209 215 1248 ιο
230 1208 299 1251 esse
333 1187 484 1252 dicuntur
516 1191 553 1253 ut
581 1209 615 1254 eo
643 1191 677 1252 et
704 1208 786 1273 quae
814 1189 863 1252 illi
891 1193 1121 1272 conponuntur
1148 1189 1181 1252 id
1210 1193 1258 1253 est

224 1275 389 1355 praetereo
406 1292 524 1354 praeeo
546 1273 676 1338 introeo.
719 1272 776 1336 sed
798 1272 876 1356 quia
897 1271 980 1336 haec
1001 1274 1101 1336 uerba
1121 1294 1210 1336 nunc
1232 1293 1257 1352 c,

227 1376 316 1418 nunc
337 1357 351 1419 e'
373 1357 555 1434 adsumunt,
579 1376 676 1438 quam
698 1357 740 1419 ob
762 1375 894 1420 causam
910 1378 929 1419 a
943 1356 1106 1439 plerisque
1120 1356 1258 1420 maxime

228 1439 269 1501 ab
292 1439 493 1536 omniuscola
508 1439 729 1536 Galbungi‚
752 1459 850 1522 quam
874 1442 907 1502 et
928 1459 989 1585 effe
1004 1440 1102 1523 adini,
1125 1444 1257 1522 quartae

190 1625 215 1664 1⁵
228 1524 471 1671 3ἒέἔέἛὲἲὲ
497 1521 1258 1686 decredetur·metatu‚tttt

226 1691 355 1753 tantum
378 1689 475 1770 dixit,
505 1690 590 1774 quod
618 1690 681 1755 duo
702 1691 815 1755 futura
836 1694 984 1773 tempora
1005 1690 1127 1755 habeat
1148 1695 1185 1755 ut
1206 1693 1257 1756 ibo

226 1776 261 1835 et
282 1793 354 1838 eam
375 1777 409 1838 et
430 1777 545 1842 cetera.

313 1855 475 1921 Numeros
503 1858 674 1922 uerborum
702 1859 764 1921 duo
793 1877 863 1920 esse
885 1857 956 1920 sine
978 1857 1169 1923 circuitione
1190 1859 1257 1924 ulla

228 1938 403 2005 difinimus.
448 1946 525 2005 sunt
553 1945 662 2005 tamen
685 1940 712 2004 L
734 1941 847 2024 uerba,
871 1960 954 2023 quae
976 1941 1174 2026 singularem
1196 1965 1253 2007 nu·

188 2043 215 2082 ao
229 2043 351 2086 merum
374 2045 441 2088 non
457 2024 579 2089 habent
594 2028 631 2088 ut
645 2025 839 2106 cadumum
861 2027 938 2087 sunt
953 2027 985 2088 et
1002 2047 1083 2108 quae
1097 2026 1255 2109 pluralem

227 2125 398 2170 numerum
426 2108 560 2171 omniuo
588 2129 654 2171 non
682 2108 845 2190 recipiunt
860 2108 1009 2190 papilllto
1032 2114 1091 2191 toa,
1115 2111 1200 2173 unde
1224 2114 1256 2174 et

228 2187 356 2253 Varro
385 2211 453 2256 non
481 2211 576 2254 ausus
605 2194 654 2255 est
683 2191 788 2255 dicere
816 2191 856 2254 de
878 2189 1034 2255 Romanis
1056 2194 1135 2274 quia
1154 2194 1257 2276 popil-

227 2272 408 2358 litaoerint,
431 2275 485 2337 sed
509 2275 745 2358 disciplinatius
768 2275 886 2338 uitium
908 2277 1015 2339 nitens
1036 2274 1163 2341 dicebat
1179 2279 1256 2358 quio

220 2356 424 2437 pupillitaoit
445 2361 661 2439 unusquisque
677 2378 741 2439 pro
762 2361 832 2423 suis
852 2359 987 2423 uiribus.

187 2460 213 2500 aa
312 2438 362 2503 De
396 2440 500 2525 figura
533 2441 688 2505 dicamus.
738 2442 774 2505 in
808 2442 899 2505 cuius
933 2443 1129 2506 tractatione
1161 2445 1256 2527 paulo

228 2522 360 2605 longius
382 2525 537 2588 inmorari
559 2526 589 2588 le
613 2528 723 2589 entum
746 2545 798 2588 me
820 2524 946 2589 utilitas
969 2525 1134 2609 conpellit.
1178 2548 1254 2590 nam

226 2605 332 2688 figura
354 2607 490 2690 simplex
506 2544 682 2691 simpdcius
698 2609 798 2672 etiam
813 2607 960 2672 habetur.
992 2611 1132 2692 acceptis
1148 2613 1253 2676 autem

295 2807 458 2886 3leuscepi]
478 2807 580 2890 spscipi
597 2808 626 2862 P
641 2810 652 2878 ΙΙ
668 2823 798 2876 pressere
816 2809 846 2863 P
861 2809 872 2876 l
888 2812 904 2860 4
923 2809 949 2876 e]
963 2812 978 2873 e
992 2809 1021 2863 P
1036 2811 1047 2879 ll
1064 2814 1080 2864 8
1097 2811 1180 2863 basso
1198 2809 1226 2863 P
1239 2811 1253 2881 Η

256 2907 262 2917 .
285 2885 302 2914 u
324 2887 332 2915 1
486 2893 522 2925 z
542 2905 553 2918 .
701 2909 713 2922 .,
879 2887 895 2916 u

225 2908 401 3042 {leuitt
414 2910 601 3030 illuct
614 2909 676 3044 iffi
688 2908 1175 3044 rcalterutrarum
1193 2912 1254 3030 ll}

249 3107 350 3185 xplicit
369 3106 405 3160 de
423 3108 541 3163 coniunc
574 3108 650 3162 tione
668 3107 770 3176 incipit
787 3107 823 3162 de
841 3109 966 3163 numeris
983 3109 1011 3163 P
1022 3112 1033 3178 ll
1045 3109 1086 3167 cu
1097 3044 1254 3164 Ndnididd

225 3176 270 3240 N,
291 3191 322 3227 m
344 3174 420 3228 Vlll.
442 3174 533 3230 clamo
556 3180 603 3233 etc.
618 3175 719 3244 frapm.
737 3174 829 3228 Mont.
847 3175 883 3240 cf.
900 3192 965 3243 app.
983 3178 993 3244 l
1010 3192 1144 3230 numerus
1166 3177 1228 3231 ΡΝ
1238 3177 1243 3245 Ι

225 3242 293 3294 aunt
315 3241 371 3294 duo
393 3259 414 3295 s.
433 3257 457 3295 o.
474 3242 531 3310 Nn
550 3247 582 3295 19
606 3240 760 3310 difluimus]
786 3256 836 3295 om.
855 3243 890 3296 N
904 3244 915 3311 ΙΙ
931 3246 998 3296 sunt
1020 3243 1109 3297 verba
1131 3259 1205 3309 quae

224 3339 288 3460 ΨΟ
305 3320 464 3405 tuicitanus
475 3340 508 3396 N
516 3343 528 3411 l
536 3347 601 3409 post
622 3341 761 3420 pluralem
783 3357 840 3396 rac.
858 3346 930 3420 Η
951 3343 1006 3397 liu.
1024 3343 1057 3397 in
1074 3342 1108 3396 N
1120 3344 1180 3411 {123
1203 3345 1252 3396 sed

244 3407 341 3461 icebat
360 3406 395 3461 N
408 3408 418 3476 Ι
436 3414 469 3462 24
491 3424 522 3461 ua
544 3426 616 3462 unus
639 3425 710 3475 qma
732 3408 760 3462 P
777 3411 787 3476 ΙΙ
805 3415 838 3462 25
861 3408 1003 3464 discamus
1020 3410 1049 3463 P
1066 3411 1076 3477 ΙΙ
1093 3415 1194 3464 25-27
1212 3409 1253 3466 &E

225 3471 370 3597 ξᾞῦέὒ
375 3475 404 3530 Ρ
416 3477 427 3544 ll
439 3479 473 3529 26
489 3475 643 3544 legendum
660 3477 690 3531 P
702 3479 712 3545 ll
724 3492 790 3529 nam
803 3476 821 3530 f.
834 3492 885 3536 om,
897 3477 931 3530 N
942 3479 951 3546 ΙΙ
965 3483 996 3532 27
1009 3476 1129 3544 simplex
1142 3477 1253 3544 sempli-

365 3708 566 3896 A

224 3041 254 3159 ἕο
273 3045 353 3108 corr.)
371 3040 468 3094 futura
484 3043 578 3162 temtg
594 3040 701 3095 habeat
718 3043 751 3095 ut
767 3042 816 3095 ibo
835 3044 865 3096 et
884 3059 948 3097 eam
965 3042 999 3096 N
1012 3045 1023 3110 ll
1042 3048 1072 3095 16
1090 2993 1120 3095 d>
