3210 4162
602 289 646 348 VI.
677 289 730 344 DE·
743 290 974 349 PRONOMINE.
1258 296 1301 362 45

268 443 464 529 pronomina
478 444 603 528 ignota,
627 466 710 529 quae
730 445 904 510 multifarie
923 447 1183 514 defectinasunt.
1217 470 1300 514 nou-

268 528 361 592 nulla
382 528 469 592 enim
491 528 561 593 solo
579 530 780 593 nominetiuo
802 529 974 596 flectuntur
995 540 1031 598 ut
1044 535 1134 616 aspis
1149 533 1234 597 unde
1249 553 1297 600 us·

263 613 376 696 picem
388 612 547 695 quaedam
558 613 839 678 nominatiunmet
853 615 1035 698 genitiuum
1044 617 1167 682 habent
1178 622 1215 682 ut
1224 619 1301 684 illus

268 698 367 776 illins,
389 697 466 764 illos
487 698 571 781 iliae,
593 699 686 764 illam
707 699 771 784 illi3
795 698 842 763 sic
861 702 951 783 ipsus
970 704 1060 786 apros
1073 703 1188 785 ipsam.
1223 707 1301 768 sunt

268 803 351 866 qnae
379 781 483 847 tribus
513 782 658 847 cassibus
685 782 862 848 flectuntur
889 786 980 850 cuius
1008 786 1076 851 cuii
1103 788 1190 867 unio,
1224 791 1299 852 euin
1326 803 1339 841 ὁ

269 868 360 931 cuiae
374 869 473 944 enine,
490 868 597 932 cuium
613 867 678 932 cuii
692 867 778 948 cui03
794 871 870 931 sunt
885 889 967 951 quae
983 873 1068 934 tetra
1084 871 1228 934 cassibus
1245 870 1299 934 de·

270 950 433 1014 clinantnr
444 953 482 1014 ut
492 950 581 1015 belus
591 950 692 1016 beline
702 950 766 1016 beli
776 951 892 1029 betam,
909 952 980 1018 belo
998 952 1100 1019 beliue
1110 954 1173 1019 beli
1183 955 1300 1037 belam,

269 1034 373 1099 belum
393 1035 495 1100 belias
515 1034 579 1100 beli
593 1034 706 1099 belam.
737 1039 814 1098 sunt
829 1035 927 1100 etiam
942 1058 1024 1119 quae
1039 1042 1140 1121 penta
1155 1039 1300 1102 cassibus

269 1116 1300 1202 utunturuteccum,datiuusecco‚accusatiuuseccum,noeatinus

269 1200 635 1280 eceunuablatiuusecco.
650 1200 715 1264 hoc
726 1202 1007 1285 masculinumest,
1016 1202 1297 1281 femininumecco‚
1314 1228 1339 1266 ro

269 1283 397 1348 datiuus
413 1304 508 1367 eccae,
521 1284 724 1347 accusatiuus
734 1304 848 1365 eccam,
863 1286 1121 1367 uocatiuuseccu,
1135 1287 1299 1352 ablatiuus

269 1388 349 1433 ecca.
388 1371 541 1431 neutrum
556 1367 660 1446 ellam,
684 1366 812 1432 dutinus
826 1369 887 1446 elli,
905 1369 1109 1433 accusatiuus
1123 1371 1228 1451 ellum,
1243 1391 1300 1434 uo-

269 1453 394 1516 catiuus
416 1452 522 1532 ellum,
544 1448 704 1514 ablatiuus
719 1451 786 1516 ello.
820 1451 876 1516 sed
892 1452 1009 1535 plurali
1025 1456 1137 1517 carent
1151 1474 1299 1518 numero.

269 1536 551 1619 aliusgenetiuum
563 1554 632 1598 non
645 1533 752 1598 habet.
769 1539 846 1600 sunt
856 1538 1061 1620 pronomina,
1070 1558 1152 1620 quae
1165 1542 1301 1621 excepto

269 1621 435 1704 utriusque
464 1617 592 1682 numeri
620 1618 826 1684 nominatiuo
855 1619 996 1702 reliquos
1024 1642 1092 1684 non
1120 1621 1243 1686 habent
1264 1626 1301 1687 ut
1315 1643 1339 1684 n

269 1707 396 1768 nostras
423 1707 593 1783 nostrates,
622 1703 713 1767 cuins
734 1705 862 1768 eniates.
908 1704 987 1769 haec
1010 1705 1108 1768 duum
1155 1726 1300 1788 enarum,

270 1809 348 1850 narn
372 1789 525 1850 neutrum
547 1783 647 1849 habet
667 1790 778 1851 nostru
799 1791 955 1853 nostrata.
1001 1725 1204 1871 quorundam
1226 1809 1300 1872 pro-

270 1871 439 1935 nominum
476 1869 735 1952 conpossitiones
769 1873 826 1934 aut
857 1875 1106 1954 praeponuntur
1138 1875 1194 1935 aut
1227 1873 1299 1936 sub·

337 2075 362 2122 4.
375 2074 410 2135 cf.
423 2069 507 2124 Glem.
517 2081 574 2125 cxc.
584 2066 673 2132 ΐ’.29·.ι
686 2067 861 2136 Augustinus
871 2069 912 2122 ait
921 2069 998 2137 quod
1009 2068 1121 2123 infinita
1132 2071 1302 2139 pronomina

269 2153 322 2207 per
340 2152 413 2204 quae
436 2134 611 2205 generaliter
633 2134 668 2188 de
691 2135 821 2189 omnibus
843 2136 928 2190 rebus
950 2135 1137 2206 interrogatio
1159 2137 1192 2190 fit
1209 2137 1239 2190 id
1258 2143 1301 2193 est

270 2204 349 2258 ciuus
368 2203 433 2257 cuia
450 2202 545 2256 cuium
564 2201 720 2255 secundum
732 2203 945 2271 praedictorum
957 2204 1158 2271 pronominum
1170 2220 1201 2258 re
1224 2205 1301 2260 ulam

291 2286 322 2324 er
339 2286 437 2325 ornnes
455 2285 536 2323 casus
554 2267 741 2324 declinantur.
770 2268 907 2338 Virgilius
926 2271 1022 2323 tamen
1035 2269 1106 2323 dicit
1120 2222 1302 2336 quodinbus

301 2340 382 2389 ntum
410 2335 564 2389 flectuntur
590 2334 701 2387 casibus
723 2336 756 2388 ut
778 2335 857 2388 cuius
879 2335 935 2389 cuii
958 2336 1021 2389 cuio
1045 2336 1214 2390 femininum
1237 2337 1302 2390 cuia

269 2403 350 2457 cuiae
368 2402 449 2455 cuiae
468 2401 601 2454 neutrum
620 2400 714 2454 cuium
733 2401 790 2455 cuii
807 2402 880 2454 cuio.
961 2407 986 2456 8.
1005 2403 1042 2456 ib.
1060 2402 1082 2466 f.
1102 2404 1167 2458 27¹2.-
1194 2403 1231 2456 nt
1248 2403 1301 2457 hoc

269 2469 415 2524 sciendum
443 2467 520 2535 quod
545 2467 695 2536 Praeciano
722 2469 845 2522 testante
871 2470 937 2523 sunt
962 2469 1105 2536 quaedam
1130 2470 1302 2538 pronomina

270 2534 739 2666 sustinetsustinet
756 2552 867 2657 istit
890 2537 992 2655 illim
1021 2535 1300 2670 wilmuli'itlff

270 2669 407 2738 Virgilius
425 2669 496 2722 dicit
513 2617 686 2787 ‹puodqcuias
704 2670 734 2722 et
751 2670 861 2722 nostras
879 2640 998 2737 excepto
1010 2644 1185 2722 nominatiiro
1200 2642 1302 2722 iniusl

270 2751 326 2803 que
352 2736 465 2790 numeri
492 2751 521 2787 re
534 2735 616 2802 iquos
643 2749 698 2787 non
726 2735 834 2790 habent
861 2751 941 2789 casus
970 2737 1003 2789 ut
1030 2736 1107 2791 cuias
1137 2738 1166 2790 et
1192 2739 1302 2790 nostras

269 2803 420 2873 pluraliter
439 2803 546 2857 curiates
570 2803 600 2856 et
617 2803 766 2856 nostrates.
844 2809 887 2857 1⁷.
906 2803 977 2862 Eae.
995 2803 1087 2859 Nunc.
1101 2819 1132 2870 p.
1152 2807 1199 2856 19:
1229 2804 1303 2868 Quo·

270 2870 402 2922 rumdam
413 2899 446 2908 —
459 2868 680 2936 compositiones
693 2897 724 2908 —-
737 2873 952 2937 praeponuntur
964 2871 996 2923 ut
1008 2868 1111 2936 aliquis
1126 2873 1177 2923 aut
1188 2869 1303 2922 subiun-

271 2939 377 3006 guntur
384 2936 560 3056 tuttquisqne
573 2936 701 3003 egomet,
721 2935 771 2988 sed
784 2936 899 2988 nomina
911 2936 1059 3004 utriusque
1071 2935 1183 2989 numeri
1194 2935 1301 2990 habere

271 3017 328 3056 non
344 3017 381 3071 po
397 3018 426 3056 es

340 3184 479 3239 tremine
489 3185 525 3247 P.
538 3136 692 3240 33¹²„th
704 3187 714 3253 ΙΙ
726 3191 742 3238 3
752 3185 771 3238 f.
781 3184 1051 3254 quaedam-ipsum
1060 3199 1111 3239 om.
1120 3185 1155 3238 N
1163 3186 1177 3320 q
1186 3191 1202 3238 4
1212 3184 1301 3320 inlusi

271 3251 337 3305 illus
346 3253 374 3305 P
386 3253 396 3320 ΙΙ
409 3251 498 3321 ipsius
507 3253 536 3306 P
547 3253 558 3321 ΙΙ
570 3252 657 3323 illiue]
668 3253 734 3307 illus
745 3252 772 3305 P
784 3253 794 3320 l
806 3252 894 3322 ipsus]
905 3250 993 3320 ipsius
1002 3253 1031 3306 P
1066 3258 1164 3320 aquae
1188 3252 1281 3318 qusP

272 3332 352 3408 cuiirs
371 3352 405 3407 N
413 3354 423 3421 ll
436 3353 483 3406 cui
501 3354 565 3407 uuio
584 3354 605 3490 ii
624 3354 665 3408 bis
682 3356 762 3421 corr.)
780 3353 814 3407 N
816 3320 916 3475 icida
932 3353 967 3407 N
980 3354 1018 3421 116
1037 3332 1133 3406 cuium
1145 3351 1180 3406 N
1192 3354 1202 3421 ΙΙ
1216 3351 1262 3405 cui
1274 3352 1309 3407 N

273 3421 317 3491 117
335 3420 442 3475 helium
459 3419 581 3475 heliaN
612 3422 738 3488 Setiam]
751 3436 802 3474 cm.
857 3421 924 3488 uti.
944 3435 1040 3474 eccum
1055 3419 1114 3474 ecci
1127 3434 1193 3474 ecco
1207 3461 1214 3475 .
1228 3419 1281 3476 ,N
1289 3420 1303 3487 ΙΙ

273 3493 306 3542 10
324 3487 580 3542 hoc-femininum
597 3504 648 3542 om.
667 3488 699 3541 N
711 3490 721 3556 ΙΙ
733 3504 816 3542 eccae
829 3503 925 3542 eccam
938 3502 1006 3541 ecca
1017 3503 1084 3541 ecca
1102 3487 1135 3541 N
1144 3487 1154 3554 ΙΙ
1169 3493 1200 3540 13
1214 3489 1306 3540 carnit

273 3554 317 3608 bis
336 3554 514 3609 declinantur
531 3554 567 3608 N
580 3561 628 3610 cet.
648 3569 698 3608 cm.
713 3557 723 3623 ΙΙ
738 3560 770 3608 14
787 3554 926 3624 genitium
944 3554 995 3620 Pil
1009 3559 1041 3608 lt
1058 3553 1156 3606 nostra
1173 3553 1208 3611 P.
