3210 4162
310 261 372 326 154
536 257 692 314 VIRGILII
709 257 875 314 MARONIS
893 257 1106 315 EPISTOLAE.

308 411 485 476 secundm
506 410 586 476 illud
603 414 762 477 Aeneae
777 410 926 477 dicentis:
949 431 1037 494 repes
1051 411 1216 476 Ronmuos
1230 430 1333 492 aequo

308 501 337 562 et
363 517 443 562 wo
475 497 631 562 scaterete'a
663 499 817 562 credimus
845 501 874 562 et
899 498 1038 580 fidimus.
1080 494 1244 559 sufficeret
1270 495 1334 557 dici

308 580 480 660 aodimus,
509 581 574 644 nisi
597 580 673 663 quia
695 580 890 644 sententiam
913 580 1075 643 affirmare
1097 579 1211 646 uoluit.
1248 578 1334 640 affir-

309 665 419 727 matur
440 663 539 726 etiam
560 664 623 727 hoc
638 663 765 727 dicendi
778 667 864 727 statu
878 663 986 742 uerbi,
1010 683 1082 726 cum
1098 662 1234 725 dicimus
1248 662 1336 726 uouit

282 747 416 827 sinquit
440 747 503 810 uir.
543 748 606 810 hoc
632 767 693 829 pro
721 745 936 811 affirmatione
964 749 1107 827 tantum,
1140 745 1224 808 ratio
1247 745 1333 808 enim

307 829 355 892 sic
376 829 511 892 haberet
530 831 619 895 amit
639 832 787 909 inquiens
807 833 871 894 uir.
904 831 959 892 sed
983 830 1060 912 quia
1081 829 1110 891 si
1131 828 1263 891 modum
1286 827 1334 890 in·

307 912 485 975 dicatiuum
514 912 549 976 in
578 934 644 975 una
672 913 812 976 dictione
841 913 1039 996 duplicatur,
1069 916 1188 994 putant
1215 932 1249 974 se
1271 909 1336 973 for·

307 996 424 1059 tiorem
448 995 554 1060 iacere
576 997 786 1079 sententiam,
807 997 927 1060 idcireo
950 997 1085 1059 uerbum
1106 997 1213 1076 inquit
1233 995 1334 1077 parti·

307 1079 404 1162 cipali
426 1079 523 1143 modo
546 1085 688 1162 ponunt,
712 1079 768 1144 sed
790 1084 899 1144 tamen
922 1102 996 1144 cum
1023 1079 1226 1161 subponatur
1245 1079 1334 1160 prius

269 1164 466 1242 reloquitur:
493 1184 570 1226 nam
597 1168 841 1246 praeposterato
868 1163 980 1226 ordine
1002 1163 1164 1226 scribendi
1186 1163 1233 1225 sio
1256 1161 1335 1225 dicis

305 1247 412 1327 inquit
432 1247 530 1309 uenit.

392 1328 586 1412 Inchogatio
616 1330 652 1391 in
680 1351 746 1393 una
774 1331 900 1392 tanturn
929 1327 1020 1392 uerbi
1048 1327 1156 1391 forma
1182 1326 1332 1399 habetur,

306 1432 389 1494 quae
404 1411 511 1475 forma
525 1413 567 1475 ob
582 1411 644 1476 hoc
658 1413 867 1496 inchogatiua
881 1413 1012 1488 dicitur,
1029 1412 1106 1495 quia
1120 1413 1331 1493 praeteritum

306 1498 435 1578 tempus
457 1516 523 1558 non
545 1495 678 1576 habeat,
701 1502 738 1560 ut
760 1497 884 1563 miesco.
917 1515 1113 1640 quampuam
1135 1493 1231 1556 multi
1246 1493 1332 1557 Lati-

269 1599 294 1639 ω
307 1599 421 1641 norum
437 1577 577 1642 diffinite
592 1578 757 1643 affirment
771 1578 897 1643 nullum
911 1577 1002 1642 uerbi
1041 1577 1087 1641 eri
1103 1576 1231 1660 debere,
1248 1576 1333 1660 quod

306 1663 515 1744 praeteritum
543 1665 671 1745 tempus
701 1685 768 1727 non
791 1662 916 1726 habeat.
956 1660 1072 1745 quibus
1094 1682 1156 1725 nec
1178 1681 1238 1758 ego
1262 1682 1333 1724 ren·

306 1766 454 1825 nuerem,
489 1765 560 1808 cum
595 1746 698 1810 multa
730 1747 884 1810 eiusmodi
917 1749 1032 1821 uerba,
1067 1766 1148 1826 quae
1180 1744 1334 1807 indentur

306 1826 531 1910 inchogatiua,
553 1830 764 1911 praeteritum
778 1834 905 1910 tempus
922 1827 1039 1892 habere
1055 1832 1248 1909 cernuntur,
1270 1827 1334 1890 nisi

306 1910 383 1994 quia
410 1910 574 1993 perfectae
601 1912 726 1977 formae
749 1914 848 1976 uerba
869 1912 1045 1994 prohibent
1066 1911 1101 1974 in
1124 1930 1234 1973 eorum
1259 1931 1334 1975 con-

267 2015 293 2053 ae
307 1993 419 2056 uenire
435 1994 647 2075 sententiam,
670 2016 752 2077 quae
768 1995 976 2078 praeteritum
991 1997 1120 2075 tempus
1137 1993 1199 2057 sibi
1214 1995 1334 2057 rectius

307 2077 490 2140 uendicent.
529 2077 672 2141 sedeam
688 2078 750 2142 hoc
765 2079 829 2140 illis
845 2078 1057 2141 obiecerimus
1066 2126 1074 2158 ,
1097 2076 1335 2158 responderunt

305 2162 518 2242 praeteritum
545 2166 673 2243 tempus
701 2162 849 2244 geminae
877 2160 1092 2223 ordinationis
1120 2159 1228 2223 uerbis
1251 2180 1334 2223 com·

305 2263 403 2326 mune
427 2263 496 2307 esse
519 2246 621 2309 solere
644 2249 681 2307 ut
694 2246 788 2324 floreo
802 2245 944 2325 floresco,
968 2247 1002 2307 et
1016 2244 1145 2325 utrique
1161 2243 1335 2307 conuenire

304 2327 411 2407 florui.
450 2325 503 2390 sed
528 2326 589 2392 hoc
610 2330 687 2410 quia
701 2329 861 2393 scolarum
876 2335 1061 2392 nostrarum
1078 2332 1228 2390 auctores
1243 2348 1335 2390 num·

267 2427 292 2469 ec
307 2431 403 2492 quam
426 2409 461 2472 in
483 2431 542 2472 usu
565 2409 722 2493 habuere,
749 2412 784 2474 in
806 2411 958 2492 ambiguo
980 2409 1202 2490 relinquentes
1226 2410 1336 2473 docto·

306 2513 379 2555 rum
401 2495 588 2557 nostrorum
611 2495 804 2558 sententiam
827 2494 1039 2575 proferemus,
1063 2492 1150 2575 quod
1172 2493 1272 2556 uerba
1286 2493 1333 2555 in-

307 2576 482 2659 chogatiua
504 2578 680 2657 praeterito
703 2598 827 2659 semper
850 2581 981 2640 careant
1003 2577 1145 2658 exceptis
1167 2576 1231 2639 hiis
1253 2596 1334 2658 quae

220 2669 223 2675 '
306 2656 524 2740 inchogatiuis
540 2661 677 2740 similia,
695 2662 770 2742 quia
784 2660 882 2723 uerba
903 2659 1072 2741 exquibus
1088 2660 1180 2722 nasci
1196 2659 1335 2723 debeant

305 2762 373 2804 non
403 2742 619 2823 praetendunt
647 2765 681 2806 se
708 2743 843 2807 habere:
871 2744 943 2807 ideo
974 2742 1183 2825 praeteritum
1205 2745 1334 2824 tempus

267 2824 474 2888 rehabebunt
495 2829 533 2889 ut
554 2828 696 2910 coepisco
717 2828 891 2910 coepisset,
921 2845 1066 2908 eoyuoseo
1089 2827 1238 2908 coqueret,
1261 2846 1332 2891 eru-

306 2909 391 2973 besco
413 2909 533 2973 erubui.

391 2990 487 3055 Nunc
514 2993 673 3074 praelatio
701 3013 759 3057 suo
781 2992 892 3056 ordine
914 2993 1064 3076 ponenda
1087 2995 1146 3056 est.
1184 2993 1335 3075 quidest

306 3076 414 3137 autem
448 3076 620 3156 praelatio,
658 3078 690 3140 et
723 3076 884 3158 quomodo
917 3077 987 3139 sine
1015 3075 1212 3157 postlatione
1238 3074 1333 3139 intel·

306 3156 455 3242 legetur?
489 3159 646 3240 praelatio
676 3179 753 3244 ergo
782 3159 817 3224 in
844 3160 948 3223 modis
976 3159 1054 3222 solis
1084 3162 1229 3240 constat,
1260 3179 1333 3222 cum

375 3382 407 3429 15
426 3373 549 3428 diffinire
568 3374 611 3440 N,
632 3373 777 3428 definitive
795 3374 860 3429 Mai
876 3377 887 3443 {1
904 3380 936 3428 21
950 3375 1028 3441 cum]
1046 3391 1112 3429 eum
1128 3374 1164 3428 N
1176 3375 1188 3451 i}
1205 3379 1237 3428 22
1256 3390 1332 3427 cum·

305 3455 389 3494 mune
409 3439 443 3494 N
457 3442 468 3509 i
484 3448 518 3495 ‘23
536 3441 682 3520 conueniri
699 3441 833 3561 Nirm·
850 3441 1030 3497 inchoativae
1049 3442 1083 3496 N
1076 3444 1148 3562 iiim
1166 3442 1260 3495 srmlia
1277 3441 1312 3494 N
1318 3440 1332 3509 Η

305 3512 339 3560 30
357 3508 458 3561 erubes
478 3507 576 3574 Ν1133
595 3508 717 3577 illrgrtur
776 3510 787 3575 ΙΙ
800 3509 860 3562 arf.
878 3524 941 3562 com
960 3509 1058 3563 modos
1108 3554 1113 3565 .
