3210 4162
709 280 743 338 V.
774 280 824 335 DE
842 280 1063 338 PARTICIPIO.
1343 283 1403 348 167

373 435 438 497 duo
460 431 631 517 participia
652 433 751 498 unius
774 454 843 498 esse
866 434 1036 518 temporis,
1065 438 1099 499 et
1120 434 1192 499 ideo
1215 436 1302 499 recte
1324 438 1404 500 scri·

373 517 479 582 bimus
502 520 656 584 oriundus
678 524 765 601 erat,
788 539 855 582 non
878 520 946 587 erit.

459 600 520 667 Sed
543 603 604 666 hac
625 603 732 666 soluta
747 602 951 686 quaestione,
975 603 1038 666 alia
1053 602 1088 666 in
1104 602 1214 666 ecdem
1229 603 1403 686 participio

372 686 519 770 suppetit
540 685 703 770 quaestio,
727 706 826 832 quare
848 707 916 750 non
940 687 1118 750 scribamus
1140 688 1304 766 oriendae,
1329 707 1403 752 cum

373 769 417 833 sit
437 772 550 835 oriens.
589 770 645 852 qui
667 791 728 852 pru
751 775 843 833 enter
865 770 965 834 uerba
987 773 1149 834 nonerunt
1170 771 1325 847 scribere,
1354 770 1403 833 di·
1429 790 1443 832 c

375 854 583 918 stinctionem
606 854 641 916 in
664 854 816 916 omnibus
839 858 986 929 seruant,
1011 854 1045 915 in
1069 853 1172 917 modis
1195 858 1227 916 et
1241 855 1403 935 personis.

374 937 421 999 sic
448 937 534 1000 enim
563 936 744 1000 declinatur
773 938 859 1000 orior
882 938 978 1002 oriris
1001 939 1104 1002 oritur
1125 938 1249 1002 orimur
1272 939 1405 1001 crimini

373 1021 532 1085 oriuntur.
575 1020 622 1083 sic
650 1023 683 1082 et
710 1020 746 1082 in
773 1020 863 1082 omni
892 1021 992 1083 uerbo
1019 1021 1133 1083 tertiae
1162 1020 1404 1103 coniugationis

374 1103 443 1167 siue
465 1105 640 1186 productae
662 1103 732 1166 siue
755 1103 854 1167 etiam
877 1107 1043 1186 correptae
1064 1125 1087 1169 u
1101 1105 1136 1167 in
1151 1104 1249 1168 tertia
1263 1124 1405 1185 persona

372 1186 507 1269 pluralis
536 1187 662 1250 numeri
689 1206 817 1268 semper
844 1186 1037 1262 adsumitur,
1068 1191 1106 1250 ut
1127 1187 1267 1253 audiunt
1287 1187 1403 1269 tepent,
1418 1206 1443 1246 10

373 1273 554 1335 metiuntur.
590 1271 654 1333 hoc
675 1268 766 1351 ideo,
790 1290 868 1333 nam
888 1269 917 1333 si
937 1270 1141 1352 ascribatur,
1164 1270 1309 1333 futurum
1323 1275 1404 1334 tem-

373 1375 436 1436 pus
458 1354 655 1418 aestimatur.
690 1353 820 1416 uidetur
841 1355 952 1417 tamen
968 1352 1048 1416 mihi
1063 1355 1180 1417 mirum
1196 1374 1282 1430 esse,
1306 1374 1404 1437 quare

373 1458 441 1501 non
462 1438 508 1501 sic
530 1437 681 1501 scribitur
701 1437 851 1502 oriendus
873 1457 978 1519 pere:
1001 1437 1085 1500 forte
1101 1458 1142 1501 ne
1163 1437 1328 1520 passiuum
1344 1458 1404 1520 pu-

373 1524 460 1585 tetur
488 1542 557 1584 esse
585 1521 736 1602 uerbum,
765 1523 802 1583 ut
830 1520 987 1601 zepeedus,
1024 1540 1136 1584 rursus
1164 1541 1297 1604 quaem,
1329 1541 1404 1584 cum

373 1605 529 1669 oriundus
551 1604 719 1685 scribitur,
748 1623 848 1686 quare
871 1605 970 1667 etiarn
992 1602 1026 1666 in
1049 1603 1221 1686 participio
1244 1605 1402 1686 temporis
1417 1622 1442 1662 1⁵

373 1687 552 1771 praesentis
581 1707 649 1750 non
677 1687 724 1750 ita
752 1686 906 1750 scribitur
928 1688 1034 1752 oriens
1055 1690 1210 1752 nicetes.
1250 1687 1311 1751 hoc
1334 1708 1403 1750 non

373 1776 424 1835 est
444 1769 727 1847 consuetudinem,
751 1770 816 1833 nisi
831 1771 866 1834 in
883 1770 1063 1853 participiis
1079 1772 1252 1835 uerborum
1269 1775 1404 1853 quartae

375 1854 630 1938 coniugationis,
654 1853 708 1916 ubi
731 1873 791 1936 per
812 1857 886 1917 octo
906 1873 967 2000 per
987 1855 1002 1917 i
1023 1857 1056 1916 ct
1075 1854 1183 1936 e<in>
1198 1854 1403 1917 nominetiuo

375 1958 483 2019 cassu,
505 1938 540 2000 in
563 1937 694 2019 reliquis
718 1935 862 2000 cassibus
877 1938 892 2000 i
928 1939 1067 2017 emptae
1082 1941 1151 2002 ete
1165 1941 1346 2021 ponuntur,
1369 1940 1406 2000 ut

374 2026 423 2085 est
444 2024 513 2085 terre
534 2022 636 2086 euntis
657 2020 704 2084 sic
720 2020 833 2102 quiores
848 2021 1011 2101 queuntes,
1033 2022 1193 2086 transiens
1207 2023 1404 2085 transeuntis
1417 2038 1442 2075 νο

373 2108 407 2168 et
430 2108 544 2172 cetera.

460 2187 535 2250 Alia
557 2185 652 2248 nobis
674 2186 821 2268 quaestio
843 2184 982 2248 inminet
1001 2185 1171 2250 solutionis
1187 2185 1265 2249 satis
1280 2184 1404 2266 indiga,

375 2291 474 2354 quare
496 2289 571 2353 sepe
592 2269 780 2332 inuenimus
803 2268 901 2332 scribi
922 2268 1076 2334 standum
1097 2268 1268 2334 sedendum
1283 2269 1404 2335 auden·

373 2355 451 2419 dum
478 2353 683 2434 loquendum,
712 2373 784 2416 eum
808 2352 949 2415 neutrali
971 2352 1071 2414 uerbo
1093 2351 1224 2416 nonnisi
1246 2351 1309 2416 duo
1332 2369 1419 2434 par··

374 2437 487 2518 ticipia
510 2436 621 2499 uenire
643 2438 875 2515 consuescant,
900 2438 933 2497 et
954 2456 974 2498 a
997 2432 1173 2516 deponenti
1195 2434 1259 2498 tris
1274 2438 1403 2499 tantum
1417 2450 1442 2489 25

373 2519 555 2584 trahantur.
583 2517 644 2582 hoc
666 2522 773 2583 autem
796 2517 925 2581 uidetur
945 2517 1155 2601 participium
1174 2518 1297 2602 passiui
1313 2518 1405 2582 uerbi

444 2741 483 2792 22.
502 2735 573 2790 Eae.
591 2734 679 2789 Beroe.
691 2737 761 2799 200,
779 2737 816 2787 12
834 2739 859 2787 et
878 2733 961 2791 Leid,
972 2733 994 2800 s.
1006 2736 1065 2786 80⁴:
1088 2733 1154 2787 Alia
1171 2733 1296 2800 questio,
1316 2748 1404 2801 quare

375 2801 461 2856 scribi
483 2801 629 2870 (scriptum
649 2800 687 2866 L)
711 2801 871 2855 invenimus
894 2815 962 2869 sepe
985 2799 1117 2852 standum
1135 2799 1351 2853 -addendum
1371 2829 1405 2841 -

375 2886 440 2922 cum
463 2885 480 2922 a
502 2867 625 2922 neutrali
647 2867 737 2921 verbo
762 2869 840 2936 (cum
864 2883 882 2920 a
899 2865 1072 2920 neutralium
1090 2866 1127 2920 bo
1145 2868 1183 2934 B)
1203 2867 1404 2935 —participia

375 2935 536 3004 (participio
549 2935 586 3001 L)
606 2936 636 2988 et
653 2950 671 2988 e
688 2933 846 3003 deponenti
863 2933 920 2988 tria
936 2935 1050 2986 tantum
1061 2932 1215 3052 participia
1226 2933 1323 2987 venire
1337 2949 1404 2988 con·

376 3007 509 3056 suescunt
530 2997 779 3070 (consuessllscunt
800 3001 852 3068 Β).
893 2999 943 3054 sed
964 3000 1019 3052 hoc
1042 3015 1060 3052 a
1101 2999 1294 3068 inpersonalia
1316 3001 1405 3054 verba

376 3068 569 3132 referendum,
597 3083 717 3135 quorum
742 3083 816 3145 quae
840 3066 1033 3136 praediximus
1060 3068 1126 3119 sunt
1147 3065 1404 3135 inpraesentiarum

377 3135 636 3203 (inpresenitiarum
653 3133 707 3201 B):
733 3132 1015 3202 ‘inpraesentiarum’
1035 3133 1099 3199 (om.
1118 3132 1155 3194 L)
1178 3161 1211 3171 -
1235 3131 1405 3186 adverbium

375 3201 532 3322 “mggffle
556 3203 600 3254 est
618 3203 681 3268 (om.
700 3200 737 3268 L)
757 3207 790 3253 ut
806 3200 976 3268 praesertim
995 3198 1172 3266 (praesertim
1189 3198 1239 3266 B).
1268 3200 1304 3264 cf.
1323 3199 1405 3264 infra

445 3474 460 3521 2
479 3469 542 3539 erit]
562 3484 596 3522 ee
614 3471 676 3521 erat
694 3467 728 3520 N
742 3469 752 3535 1
772 3473 801 3520 11
822 3465 876 3519 nisi
894 3464 929 3519 N
943 3479 1013 3522 corr.
1027 3463 1092 3517 Mai
1104 3465 1114 3533 11
1134 3471 1164 3520 13
1183 3463 1310 3518 fortene
1329 3462 1404 3518 forte

376 3534 410 3589 N
419 3537 429 3604 11
444 3541 475 3590 18
493 3551 544 3603 per
561 3535 581 3604 i]
600 3534 666 3601 fort,
685 3550 737 3603 pro
756 3535 789 3602 111
802 3533 832 3586 in
850 3533 917 3586 add.
938 3531 1025 3599 Mein
1041 3538 1071 3586 19
1088 3533 1235 3603 pununtur
1253 3530 1291 3588 N.
