3210 4162
244 280 307 344 122
479 277 634 333 VIRGILII
656 277 825 333 Mauortis
843 275 1056 335 EPISTOLAE.

240 451 307 494 esse
338 436 371 496 et
399 431 446 495 sic
474 429 702 494 declinandum
730 431 816 494 miae
837 429 899 493 mei
921 428 973 492 uel
995 430 1056 493 mis
1077 428 1158 492 mibi
1179 447 1228 492 me
1250 449 1268 493 o

240 538 262 582 a
276 535 334 580 me.
370 515 485 598 quibus
501 513 707 598 Galbungi
728 512 891 576 auditores
907 533 925 575 e
940 513 1066 576 diuerso
1082 512 1267 576 resistentes

241 599 394 664 dicebant
414 602 443 664 si
464 601 512 663 itu
535 604 593 675 est,
615 619 673 664 cur
693 618 760 662 iton
780 599 876 662 eliam
891 597 1017 678 plurali
1036 617 1167 661 nummo
1189 596 1267 660 litte-

239 702 354 747 raram
381 687 531 748 snaaar
558 681 650 764 ordo,
677 683 733 746 eccl
757 682 804 746 sic
824 681 1003 745 declinatur
1024 699 1081 744 uos
1101 679 1267 744 laustrano?

214 765 385 849 celioquin
418 766 521 829 multa
548 764 719 828 admodum
747 765 838 840 sunt,
873 784 955 846 quae
993 785 1065 827 oum
1102 763 1267 826 literarum

241 850 387 913 ordinem
409 849 519 931 <non>
541 852 687 929 seruent,
710 868 806 911 sensu
827 853 938 910 tamen
953 846 1176 929 sententiaque
1193 866 1268 910 con·

240 933 408 996 uenientia
430 953 499 996 esse
521 950 589 995 non
612 931 811 996 dubitantur.
845 929 942 993 simili
958 951 1034 1016 ergo
1050 930 1144 992 modo
1160 929 1267 993 defen·

241 1015 382 1080 dendum
411 1020 461 1080 est
489 1014 552 1080 hoo
586 1035 764 1096 pronomen
793 1014 856 1077 rite
891 1018 928 1076 ut
956 1015 999 1078 sit
1032 1013 1266 1092 declinandum,

241 1101 326 1163 siout
364 1098 498 1182 plurimi
535 1099 722 1180 reciperunt
764 1117 817 1181 epo
850 1099 913 1162 mei
946 1102 978 1161 et
1012 1097 1179 1180 pluraliter
1210 1116 1269 1161 nos

202 1199 228 1239 1⁰
240 1188 393 1248 nostram.

327 1265 430 1340 Quam
459 1265 679 1347 quaestionem
709 1285 781 1327 cum
810 1265 850 1326 ad
879 1284 984 1326 meum
1009 1269 1178 1326 Aeneam
1206 1268 1268 1326 ret

199 1348 401 1428 tulissem,
429 1368 466 1411 ec
494 1347 619 1410 diutina
647 1347 709 1410 diei
737 1346 842 1430 gande
871 1347 910 1408 de
939 1346 1000 1410 hac
1029 1347 1137 1410 eadem
1167 1345 1269 1410 multa

240 1431 454 1512 uoluerimus,
485 1429 527 1493 ad
555 1433 734 1494 extremum
756 1432 803 1492 ita
825 1428 955 1511 intulit,
984 1430 1067 1512 quod
1092 1431 1268 1492 secuudum

242 1514 445 1596 Galbungi
471 1533 665 1595 suorumque
692 1513 890 1576 sententiam
912 1515 997 1577 ocius
1018 1514 1079 1577 mei
1101 1513 1180 1576 milti
1201 1533 1268 1575 rec·

203 1612 229 1651 1⁵
241 1596 366 1660 tissime
395 1596 555 1660 scribitur.
602 1616 713 1659 uerum
743 1617 797 1678 epo
826 1597 909 1658 siout
937 1616 1075 1676 nequam
1102 1599 1136 1658 et
1162 1599 1268 1659 cetera

243 1680 479 1744 declinamenta
506 1700 564 1762 per
590 1699 702 1743 omnes
732 1700 841 1743 cassus
870 1700 968 1742 unam
996 1683 1123 1743 tantum
1150 1678 1269 1743 habere

243 1763 492 1828 declinationem
520 1763 623 1827 multa
650 1769 817 1827 auctorum
845 1762 984 1826 lectione
1007 1763 1269 1827 indubitabilium

242 1848 373 1910 eredere
409 1846 620 1929 conpellimur
649 1847 826 1910 Seruilio
858 1847 1032 1911 scribente:
1072 1867 1186 1928 aprum
1215 1867 1269 1929 epo

241 1935 436 2012 rapuerunt,
468 1930 531 1993 hoo
558 1934 608 1992 est
636 1931 742 1993 dicere
770 1932 833 1993 ma
860 1951 977 2012 aprum
1004 1935 1191 2011 rapuerunt.
1237 1933 1271 1994 et

204 2029 231 2069 20
244 2013 360 2077 iterum
385 2013 621 2095 Galbungus
651 2013 783 2095 quidam
812 2017 984 2076 ueteranus
1007 2015 1040 2076 in
1064 2013 1173 2079 Indiae
1196 2035 1269 2095 par-

244 2097 332 2160 tibus
361 2097 571 2174 constitutus,
601 2096 636 2159 in
666 2095 811 2159 clausula
834 2096 998 2159 cuiusdam
1022 2097 1071 2159 sui
1094 2097 1199 2178 operis
1222 2098 1269 2160 sic

241 2177 346 2243 fatur:
368 2200 447 2244 cum
469 2198 522 2260 epo
545 2178 700 2255 debitam,
721 2180 786 2259 fili,
806 2178 980 2258 fraudabis
1002 2179 1192 2243 mercedem?
1216 2198 1269 2259 epo

242 2282 301 2343 pro
333 2262 414 2326 milii
443 2261 562 2344 posuit.
613 2261 812 2346 Virgilius
848 2282 976 2345 quoque
1005 2263 1201 2325 Assianus
1234 2263 1269 2326 in

244 2349 359 2427 quarto
382 2345 630 2428 dispositionum
653 2346 689 2408 in
711 2346 847 2429 genesin
865 2346 1008 2409 hominis
1023 2345 1105 2409 libro
1120 2347 1167 2409 sio
1182 2345 1269 2410 infit:

205 2443 232 2483 2⁶
246 2431 319 2508 quis
340 2449 394 2510 epo
416 2429 571 2509 condidit,
594 2433 631 2493 ut
650 2430 696 2493 sic
710 2429 831 2493 essem?
852 2430 913 2492 hoc
930 2429 1023 2493 dicit:
1047 2432 1118 2509 quis
1134 2450 1182 2493 mc
1198 2449 1269 2494 coa-

242 2511 347 2576 didit?
384 2511 539 2575 Sarbon
567 2531 694 2593 quoque
717 2516 809 2594 pater
833 2510 932 2574 Glen
940 2513 981 2595 gi
1004 2514 1038 2575 in
1061 2511 1196 2595 Rigadis
1218 2533 1268 2576 re-

312 2732 336 2778 5.
359 2725 430 2778 Ecc.
453 2725 740 2793 Bcrn.p.194,28:
770 2724 878 2804 Verum
901 2741 956 2847 epp
979 2766 1011 2778 ..
1089 2793 1094 2804 Ι
1121 2795 1126 2805 ι
1232 2793 1237 2805 ¹

242 2790 1268 2937 diflertllllrttttdttlttquflittlltttm

243 2923 365 3001 scribere
390 2939 443 2992 ego
464 2939 622 3044 pronomen
640 2928 717 2979 mter
733 2940 904 2994 pronomina
922 2929 954 2979 ut
970 2942 1022 2994 pro
1042 2942 1120 2980 omm
1138 2941 1204 2980 casu
1223 2942 1268 2980 ac·

243 2992 387 3059 ciperetur
405 2990 463 3044 sicu
494 2990 537 3044 fas
555 2990 635 3045 nefas
652 3008 777 3060 nequam
789 2990 907 3060 quidam
920 3009 971 3060 pro
985 3009 1038 3060 ego
1050 2994 1123 3046 mius
1135 2993 1269 3047 dicebant

242 3057 419 3110 nominativo
438 3058 495 3110 mei
512 3057 646 3126 genetivo
665 3058 785 3112 Servilio
804 3061 893 3111 teste:
912 3074 1011 3128 agrum
1031 3075 1084 3126 ego
1102 3062 1267 3127 rapuerunt,

242 3122 296 3176 hoc
323 3125 367 3177 est
394 3123 500 3177 dicere:
528 3139 629 3193 agrum
656 3124 712 3179 mei
738 3139 790 3193 pro
818 3124 960 3193 genitium
992 3125 1126 3195 Virgilius
1154 3141 1268 3194 quoque

242 3188 378 3243 Asianus:
398 3189 460 3256 quis
478 3205 531 3259 ego
550 3189 679 3244 condidit
696 3191 786 3244 uteie
805 3206 895 3245 essem
914 3208 965 3259 pro
983 3192 1046 3260 quis
1064 3195 1129 3262 me).

311 3395 328 3442 e
346 3388 401 3441 sita
412 3387 454 3464 ‘N
466 3391 508 3466 pc
528 3404 584 3443 non
602 3390 669 3443 acc.
683 3392 722 3458 ue
741 3404 860 3468 promes
879 3389 931 3458 nn
943 3393 1011 3445 trra
1029 3391 1087 3469 pu
1103 3399 1132 3445 12
1151 3372 1268 3460 edunt,

243 3471 278 3534 ac
294 3454 347 3534 le
361 3460 392 3532 le
410 3456 452 3508 rte
469 3458 510 3510 ita
527 3456 582 3576 NI&
594 3463 625 3510 14
643 3460 768 3535 mensola
786 3473 820 3511 cc
836 3461 857 3518 ι)
876 3457 909 3550 N
919 3460 929 3525 ΙΙ
942 3465 975 3514 ·20
990 3459 1071 3537 india
1087 3459 1183 3581 Ngal
1203 3475 1268 3538 con.

244 3521 351 3576 stitutio
369 3524 390 3590 (1
402 3537 436 3576 esc
448 3523 529 3591 corr.)
590 3523 601 3592 ll
613 3530 646 3576 22
665 3523 795 3577 dubitem
806 3523 841 3580 N
849 3526 859 3593 ΙΙ
872 3530 905 3579 23
917 3543 999 3594 posu1
1011 3525 1045 3579 N
1053 3527 1063 3595 11
1076 3532 1109 3580 26
1148 3527 1217 3596 hugi
1229 3526 1269 3584 N.

1032 2742 1189 2795 ..agrum
1212 2728 1269 2781 mei
1347 2768 1349 2770 ψ
