3210 4162
734 303 782 364 iv,
809 303 859 358 os
876 303 1024 361 uacuis.
1353 307 1396 373 25

318 493 321 498 ·
367 458 522 520 tametuus
544 457 692 540 poeticus
714 460 779 534 est,
804 455 844 520 de
866 456 966 521 safico
988 461 1096 522 autem
1119 461 1153 522 et
1172 456 1304 522 heroico
1325 479 1397 521 uer-

365 562 460 604 suum
483 544 586 605 metro
608 542 644 605 in
666 541 806 624 quadam
828 541 975 624 epistola,
999 564 1095 626 quam
1118 543 1204 606 iuter
1226 541 1396 606 duodecim

365 624 405 688 ad
427 623 629 689 Donatum
652 624 790 689 Romam
811 625 990 711 missimus,
1013 626 1213 690 discribsisse
1235 647 1287 689 me
1309 625 1396 690 suffi-

365 709 489 774 cienter
509 709 655 773 memini.
699 730 814 774 uereor
835 730 871 773 er
895 731 924 789 o,
950 731 994 774 ne
1016 711 1045 774 si
1066 711 1146 775 haec
1169 709 1282 774 eadem
1303 731 1396 793 repe-

364 794 458 876 tiero,
480 793 670 857 fastidiosus
692 795 796 878 magis
819 814 882 857 scri
908 799 958 857 tor
980 815 1077 877 quam
1099 794 1259 858 sollicitus
1283 794 1395 858 doctor
1421 809 1434 850 ⁵

365 877 480 941 haberi
501 878 668 958 incipiam.
715 878 753 941 de
776 878 881 962 grecis
903 886 1012 942 autem
1034 879 1157 952 metris,
1180 899 1318 961 quorum
1340 899 1397 942 na·

364 964 439 1023 tura
467 961 632 1024 dissimilis
662 965 694 1023 et
722 962 819 1045 longe
847 962 992 1038 diuersa,
1019 962 1104 1025 nihil
1133 961 1199 1024 hiic
1228 961 1396 1043 disputare

364 1045 582 1107 necessarium
598 1065 673 1107 reor
684 1064 757 1108 cum
773 1045 912 1108 latinum
927 1065 1008 1126 opus
1024 1045 1175 1109 efficiam.
1198 1048 1275 1108 ante
1285 1045 1397 1107 omnia

365 1132 474 1190 autem
496 1131 567 1190 trea
588 1127 652 1190 ista
670 1127 759 1190 omni
775 1127 898 1190 doctori
913 1129 1058 1192 carmina
1072 1149 1257 1210 conponere
1272 1127 1396 1191 uolenti

363 1211 547 1274 necessaria
569 1215 661 1287 sunt,
693 1214 730 1274 ut
750 1211 891 1293 primum
920 1211 1196 1275 discribendarum
1227 1211 1394 1274 literarum
1409 1225 1434 1264 1⁰

364 1294 516 1357 notitiam
550 1293 674 1357 habens
710 1294 912 1378 singularum
941 1294 1053 1358 modos
1081 1314 1314 1376 mensurasque
1343 1293 1395 1356 de·

364 1377 502 1461 pinguat
528 1397 567 1456 ac
588 1377 787 1459 syllabarum
808 1399 892 1442 neue
915 1398 1044 1442 uersum
1067 1379 1176 1442 uersui
1200 1380 1234 1441 et
1255 1381 1394 1440 metrum
1465 1441 1468 1446 ,

364 1468 468 1525 metro
497 1463 718 1539 commisceat,
746 1483 788 1525 ne
816 1483 874 1526 sua
901 1461 954 1525 uel
983 1483 1115 1526 suorum
1138 1483 1190 1526 ars
1212 1462 1296 1525 bene
1320 1481 1394 1524 con-

364 1546 489 1628 possita
516 1566 576 1627 per
604 1546 767 1609 scribendi
789 1546 976 1628 inperitiam
998 1547 1082 1609 nihil
1104 1546 1186 1609 lucri
1208 1545 1393 1628 legentibus

366 1628 522 1692 conferat.
568 1630 638 1690 tum
665 1628 780 1692 deinde
803 1629 898 1692 utin
920 1628 1080 1693 orat-ionis
1107 1629 1256 1711 partibus
1285 1632 1318 1690 et
1345 1648 1396 1690 ro·
1410 1644 1434 1684 rs

365 1733 461 1775 mana
482 1712 620 1774 ueritate
642 1733 712 1776 non
733 1710 875 1794 fallatur,
898 1732 940 1775 ne
961 1711 1045 1793 quod
1066 1711 1255 1794 eloquenter
1269 1731 1303 1774 se
1320 1731 1396 1774 con·

363 1795 525 1878 possuisse
553 1798 694 1877 putarit,
730 1795 882 1879 ignorata
910 1797 1048 1859 ueritate
1075 1796 1180 1858 latina
1205 1794 1308 1858 risum
1334 1815 1394 1876 pro

364 1879 459 1942 laude
488 1878 649 1958 adquirat.
699 1879 796 1942 tertio
826 1884 864 1943 ut
890 1879 926 1942 in
957 1879 1023 1942 suis
1051 1879 1248 1942 carminibus
1278 1898 1395 1941 uuum·

364 1983 524 2046 quemque
540 1982 671 2026 uersum
686 1983 744 2026 suo
759 1960 873 2026 reddat
887 1962 960 2042 iuri,
982 1983 1024 2026 ne
1039 1965 1122 2048 siout
1137 1983 1194 2025 rex
1209 1960 1396 2025 Alexander

363 2045 498 2110 Macedo
521 2045 650 2110 cuidam
673 2046 736 2110 sibi
750 2045 855 2110 laudis
873 2045 1018 2111 carmina
1034 2045 1221 2110 decantanti
1237 2046 1395 2108 audenter
1408 2062 1433 2101 ro

364 2129 588 2212 exprobrauit,
617 2150 676 2193 suo
704 2130 788 2194 uitio
810 2130 1048 2213 praeciosarum
1076 2130 1119 2193 sit
1145 2129 1291 2192 fuscator
1311 2149 1395 2191 mer·

363 2213 554 2296 garitarum.

435 2467 448 2514 1
467 2440 596 2530 poeticda
614 2461 643 2514 P
654 2463 665 2528 11
678 2461 777 2515 suffico
795 2461 833 2528 N,
853 2463 949 2530 sapioo
971 2461 1018 2530 711
1029 2462 1160 2516 ierocl‘rco
1173 2462 1210 2526 P,
1227 2458 1342 2511 heroico
1356 2459 1393 2524 (o¹

363 2577 399 2616 ee
417 2563 446 2629 u)
464 2561 518 2629 uu
530 2540 666 2615 vireium
688 2561 725 2623 V,
743 2578 857 2616 vorsum
875 2561 957 2628 uria
974 2561 1059 2615 sicori
1082 2562 1181 2616 iissem
1192 2559 1245 2637 uu
1258 2563 1275 2611 4
1287 2558 1317 2610 nr
1329 2558 1353 2609 si
1365 2555 1398 2608 N

365 2629 461 2700 llhaee
479 2643 531 2681 om.
547 2628 623 2696 Vlla
642 2628 795 2682 fastidiosis
814 2629 849 2682 N
857 2629 1041 2698 lecriptorV
1084 2627 1304 2697 uderoecrsPl
1319 2631 1333 2678 7
1347 2622 1395 2700 de·

363 2695 461 2750 similis
482 2695 508 2748 V
518 2696 529 2763 1
541 2711 627 2748 versa
644 2697 672 2749 P
684 2697 694 2764 1
705 2695 754 2749 hio
775 2695 831 2750 VN
841 2697 852 2763 11
865 2696 1003 2764 disputari
1025 2696 1071 2763 Vl
1084 2703 1100 2750 8
1118 2693 1232 2748 emenia
1245 2692 1279 2745 N
1288 2694 1299 2759 11
1312 2697 1327 2745 9
1340 2692 1396 2743 tria

367 2763 393 2817 V
408 2764 418 2829 l
436 2762 553 2816 doctore
571 2762 606 2816 N
619 2765 630 2831 1
648 2762 785 2816 earimina
802 2765 830 2816 P
847 2765 857 2829 1
876 2769 908 2816 10
930 2762 1005 2830 prim
1027 2763 1055 2816 V
1067 2764 1080 2831 11
1098 2768 1128 2815 11
1147 2761 1322 2829 singularem
1343 2756 1369 2809 V
1382 2758 1394 2823 11

363 2861 463 2941 modus
479 2861 535 2915 VN
545 2862 555 2928 11
569 2861 694 2930 depinge
709 2861 735 2914 V
745 2863 755 2929 1
771 2869 800 2940 12
814 2877 847 2914 ac
855 2876 907 2914 om.
924 2860 950 2913 V
960 2862 971 2928 11
983 2878 1118 2938 uersuum
1129 2859 1187 2914 PV
1197 2861 1207 2925 l
1222 2865 1254 2912 13
1263 2837 1358 2934 edium
1368 2860 1396 2911 P

366 2931 369 2997 Ι
391 2945 436 2983 arr
456 2928 491 3006 N
499 2930 509 2996 1
521 2942 596 2996 pene
618 2928 666 2996 Vl
679 2931 826 2997 conposita
847 2927 904 2982 VN
913 2928 924 2995 1
938 2934 970 2980 14
987 2928 1140 2995 inperitam
1154 2925 1188 3003 N
1197 2928 1208 2994 11
1220 2923 1306 2992 legen
1318 2926 1395 2978 t1bus

385 2996 602 3130 uritur
616 2996 1064 3131 1111ξαῖ11111ὴῆτῶ
1090 2991 1396 3127 trullut'l'ltul

363 3194 414 3233 rex
431 3195 482 3238 om.
503 3178 551 3247 71
564 3177 721 3232 alaxander
737 3179 766 3232 P
782 3179 792 3246 11
809 3183 842 3232 20
860 3177 972 3232 maeido
990 3178 1054 3232 PN
1061 3127 1216 3246 uddridldd
1228 3176 1262 3230 N
1271 3177 1281 3243 11
1294 3174 1395 3229 decen-

363 3280 444 3334 unu
461 3281 505 3347 P,
529 3279 813 3348 trecentenarium
833 3279 879 3333 fus
897 3251 958 3332 cll*
976 3278 1017 3346 P,
1034 3278 1162 3332 fuscatur
1182 3275 1214 3330 V.
