3210 4162
796 314 818 373 1.
847 314 896 368 DN
915 314 1070 374 Nonlnu.
1130 331 1135 343 ·
1387 317 1449 382 119

415 465 531 612 ppobc'st,
560 465 679 547 calab,
708 466 876 545 martiris,
904 467 1064 532 machinis
1070 514 1080 551 ,
1104 469 1210 546 donis,
1235 469 1449 534 tabernuculis

417 569 434 611 e
473 569 507 612 ce
524 570 587 612 era.

503 631 535 696 N
538 653 600 696 unc
626 632 665 694 ds
696 633 881 697 accusatiuo
911 654 1014 698 cassu.
1057 633 1187 698 uidetur
1214 634 1295 698 mihi
1318 656 1448 700 accusa·

417 715 505 779 tinus
522 737 630 780 cassus
645 716 733 780 inter
755 720 881 783 ceteros
904 717 1026 801 aliquid
1042 718 1161 783 habere
1176 718 1342 784 cuiusdam
1356 740 1447 802 prae-

417 798 539 864 latiuae
566 800 746 881 firmitatis,
779 801 864 865 sicut
894 805 928 865 et
954 803 1042 865 inter
1064 805 1187 866 ceteras
1209 803 1383 867 uerborum
1406 804 1447 867 si·
1473 825 1489 866 a

441 883 644 948 nificationes
660 885 806 948 actiuum
821 886 973 951 uerbum:
993 887 1078 951 unde
1095 890 1128 952 et
1139 887 1288 951 nonnulli
1299 893 1446 952 ueterum

417 903 640 1052 iestimabant]
664 969 885 1032 accusatiuum
917 991 1040 1033 cassum
1063 972 1162 1033 uerbo
1185 971 1292 1034 actiuo
1315 972 1448 1035 nonnisi

418 1051 457 1113 de
486 1071 604 1133 genere
634 1051 813 1115 masculino
840 1053 925 1116 sumi
953 1053 1087 1118 omnino
1109 1053 1226 1118 debere
1248 1055 1446 1119 statuebant.

418 1135 508 1197 ouius
532 1133 733 1216 quaestionis
755 1134 876 1200 solutio
898 1136 979 1200 haec
1001 1136 1073 1200 erit.
1113 1157 1215 1221 genus
1231 1137 1446 1202 masculinum

418 1217 536 1281 dicitur
558 1238 654 1280 omne
676 1219 760 1301 quod
782 1219 912 1282 firmum
936 1222 1000 1282 est:
1024 1219 1110 1283 unde
1133 1223 1166 1284 et
1187 1220 1286 1284 fortes
1305 1220 1446 1285 feminae
1460 1249 1485 1287 ιο

416 1299 711 1383 dicui·1tur<uirr>.
749 1302 836 1365 unde
862 1309 896 1366 ct
917 1301 1035 1366 Rithea
1057 1302 1137 1366 Nini
1166 1304 1252 1389 regis
1275 1324 1356 1367 uxor
1378 1305 1444 1368 suis

417 1384 589 1449 clientibus
616 1384 744 1449 dicebat
774 1386 870 1451 nolite
894 1406 943 1451 mc
974 1387 1076 1451 dicere
1103 1388 1261 1468 feminum
1284 1388 1362 1469 quio
1390 1389 1446 1453 air

416 1481 497 1532 sum.
542 1469 606 1531 hoc
643 1471 752 1532 autem
778 1469 916 1533 dicimus
946 1473 981 1534 ut
1012 1471 1149 1534 sciamus
1178 1470 1255 1553 quid
1280 1472 1324 1535 sit
1354 1491 1446 1535 accu-

417 1553 555 1614 satiuum
572 1551 611 1613 de
626 1572 744 1635 genere
759 1553 949 1616 masculino.
976 1553 1029 1616 hio
1044 1555 1245 1618 accusatiuus
1262 1575 1370 1617 cassus
1386 1559 1445 1634 est,

417 1637 471 1716 qui
493 1656 561 1698 non
582 1654 719 1718 graecus
741 1635 798 1699 sed
821 1635 958 1715 latinus,
987 1657 1056 1700 non
1080 1637 1195 1701 dubius
1217 1637 1272 1701 sed
1296 1638 1390 1701 fortis
1413 1641 1445 1702 et
1460 1666 1485 1707 15

416 1719 558 1781 stabilis:
588 1719 709 1781 etenim
737 1739 871 1804 graecus
902 1721 1105 1784 accusatiuus
1136 1726 1201 1784 lam
1231 1721 1374 1784 incertus
1397 1725 1446 1785 eat

417 1805 450 1864 et
477 1806 544 1864 tam
572 1802 743 1884 obscurus,
777 1807 815 1866 ut
841 1809 951 1866 utrum
978 1803 1022 1866 sit
1051 1805 1252 1867 accusatiuus
1281 1825 1323 1866 an
1352 1805 1444 1882 alius,

416 1886 547 1947 nonnisi
575 1906 634 1967 per
656 1887 792 1949 uerbum
815 1906 915 1970 agens
937 1885 1033 1950 facile
1056 1888 1158 1969 possit
1179 1887 1329 1970 agnosci:
1360 1886 1446 1950 unde

417 1973 450 2031 et
478 1968 573 2031 multi
603 1971 788 2033 nostrorum
816 1990 875 2052 pro
899 1970 1111 2053 explanandis
1135 1991 1282 2033 cassuum
1305 1970 1446 2034 declina·

416 2051 559 2116 tionibus
575 2051 713 2116 latinam
727 2053 875 2138 regulam
891 2054 926 2117 in
939 2055 1051 2118 Grecis
1067 2056 1256 2136 extorquere
1271 2053 1444 2119 noluerint.
1459 2086 1485 2126 20

416 2135 529 2218 regula
551 2144 659 2198 autem
682 2136 860 2199 accusatiui
882 2158 990 2200 cassus
1014 2137 1108 2200 latini
1122 2139 1202 2200 haec
1217 2137 1293 2214 erit,
1315 2142 1353 2201 ut
1368 2159 1446 2222 quo·

416 2219 616 2302 tiescumque
638 2221 673 2281 in
696 2240 728 2284 m
749 2220 849 2283 fuerit
870 2222 1062 2283 terminatus
1085 2218 1232 2304 (propter
1246 2220 1337 2283 illum
1353 2242 1444 2284 accu-

415 2303 556 2365 satiuum
586 2323 681 2384 quem
709 2324 785 2385 seps
812 2308 846 2366 et
872 2303 951 2366 trito
981 2303 1121 2366 diximus
1149 2324 1311 2384 sermone,
1340 2304 1446 2368 idest

415 2385 502 2448 illius
513 2387 654 2448 nominis
666 2386 752 2469 quod
766 2385 956 2467 productum
972 2407 988 2450 c
1004 2387 1155 2450 habuerit
1174 2390 1208 2449 et
1222 2387 1445 2470 monosyllabe

416 2469 460 2531 sit
488 2473 525 2532 ut
550 2487 620 2550 spes
646 2471 713 2550 spei
738 2471 806 2552 spei
834 2489 937 2550 spem,
966 2489 1017 2534 res
1037 2471 1086 2534 rec·
1106 2472 1155 2535 rei
1176 2490 1242 2534 rem
1266 2475 1298 2534 et
1320 2474 1443 2552 cetera)
1458 2499 1484 2539 2⁵

416 2553 559 2635 exceptis
581 2553 715 2637 inquam
737 2552 789 2618 his
811 2554 992 2617 necessario
1016 2553 1194 2634 breuietur,
1218 2556 1253 2616 at
1274 2554 1309 2616 in
1325 2573 1359 2618 os
1374 2555 1445 2617 fini·

415 2639 484 2718 tus,
508 2641 642 2719 excepto
665 2638 692 2700 si
715 2639 728 2702 i
751 2639 828 2701 ante
850 2637 1018 2719 habuerit,
1039 2637 1246 2720 producatur.

502 2720 564 2784 Sed
587 2722 663 2803 quia
685 2726 753 2785 tam
777 2720 871 2784 multi
888 2741 956 2784 non
974 2721 1070 2784 modo
1087 2720 1125 2784 de
1141 2721 1324 2784 accusatiuo
1341 2742 1444 2800 cassu,

416 2803 471 2865 sed
494 2803 532 2866 de
555 2804 704 2867 omnibus
725 2804 870 2867 cassibus
885 2803 920 2867 in
937 2807 1113 2867 metrorum
1136 2804 1342 2868 demensione
1364 2812 1446 2867 trac·

415 2890 543 2967 larunt,
568 2907 629 2969 ego
652 2887 693 2949 ad
715 2887 815 2950 finem
836 2886 971 2950 huiusce
994 2887 1130 2950 tendens
1154 2887 1324 2970 epistolae,
1348 2907 1444 2968 quae·
1458 2916 1484 2957 ec

416 2970 555 3032 stiouom
583 2990 681 3052 quam
709 2969 859 3034 nonnulli
887 2990 954 3033 non
982 2969 1111 3034 facilem
1139 2970 1380 3052 praeterierint,
1409 2974 1446 3032 ut

416 3052 580 3116 difficilem
604 3057 702 3136 atquo
725 3054 896 3117 obscuram
913 3053 1091 3117 euentilare
1107 3058 1279 3135 utcumque
1294 3053 1444 3117 conabor.

416 3137 516 3199 miror
538 3157 616 3219 ergo
639 3136 800 3219 quomodo
823 3137 946 3202 caelum
968 3157 1055 3200 nunc
1077 3137 1113 3199 in
1135 3136 1231 3201 scolis
1253 3136 1445 3200 Latinorum

415 3221 607 3284 neutraliter
634 3221 793 3304 singulari
827 3241 963 3284 numero
993 3219 1174 3285 declinetur
1202 3223 1235 3284 et
1261 3219 1296 3284 in
1326 3219 1445 3303 plurali

434 3491 442 3511 .-
483 3440 505 3513 6·
517 3434 722 3516 significatinep
738 3436 774 3489 N
787 3437 798 3514 u
815 3443 831 3490 9
848 3436 894 3489 his
917 3437 1025 3516 aecerit
1041 3435 1075 3514 N
1088 3437 1099 3503 ΙΙ
1117 3443 1149 3513 ll)
1167 3436 1318 3490 femininae
1337 3436 1371 3490 N
1384 3439 1394 3516 i
1413 3442 1444 3490 11

414 3503 736 3640 restituisti
748 3502 1244 3636 ltltss,tril0¹t.t¹ltltl¹¹⁸N
1252 3504 1263 3571 ¹¹
1278 3510 1308 3558 ¹⁹
1321 3503 1446 3558 Μ
