3210 4162
608 301 643 359 V.
672 302 720 357 DE
739 301 955 359 PARTIOIPIO.
1233 305 1297 372 165

350 453 472 521 Uerum
502 454 528 520 si
557 455 630 540 quis
651 455 747 520 nobis
770 454 951 521 dicentibus
972 456 1181 541 participium
1204 458 1297 525 uerbi

265 541 363 606 actiui
390 541 546 624 temporis
573 540 742 623 praeteriti
769 539 888 604 habere
911 542 1152 622 conparationis
1175 544 1296 626 gradus

266 625 394 689 obicere
416 624 570 703 uoluerit,
594 645 633 688 ac
655 624 763 688 dicere
783 623 868 707 quod
885 624 1012 708 quoties
1028 627 1108 690 haec
1123 627 1297 712 participia

265 711 444 792 conparata
458 708 581 773 fuerint
586 757 595 790 ,
617 728 701 790 quae
721 707 809 772 infra
823 729 933 772 sumus
948 709 1102 793 possituri
1116 716 1154 775 ut
1168 715 1297 794 sapiens

266 812 399 875 amaus,
424 793 501 876 quia
521 792 601 856 haec
616 793 678 856 rite
695 796 930 875 conparantur,
954 796 1086 857 nomina
1100 795 1209 891 potius
1225 817 1297 878 par·
1323 815 1336 856 s

265 877 462 960 ticipiorum'
475 875 595 940 similia
617 874 759 940 debcant
780 876 959 960 aestimari,
982 898 1048 941 non
1072 878 1153 941 mibi
1168 879 1298 943 uidetur

265 961 446 1045 arguendus
480 962 536 1024 aut
564 959 664 1024 etiam
691 959 934 1042 improbandus.
984 981 1045 1025 nos
1073 981 1199 1108 <guoque
1228 963 1298 1046 ipse

265 1065 334 1109 non
356 1043 520 1127 inprobet,
544 1043 601 1127 qui
624 1043 710 1126 qnod
734 1065 754 1106 a
775 1043 889 1125 peritis
910 1045 1029 1107 nostris
1045 1045 1078 1107 di
1101 1045 1226 1129 icimus,
1249 1047 1298 1111 in·

266 1131 392 1192 stanter
413 1126 626 1190 deffendimus
652 1131 750 1209 atque
772 1127 955 1190 asserimus.
999 1128 1195 1210 astipuletur
1216 1131 1298 1193 mihi

265 1212 301 1275 in
330 1211 394 1274 hoc
421 1209 606 1274 Maeuius
635 1209 688 1272 uir
715 1209 750 1272 in
780 1210 978 1272 carminibus
1006 1210 1228 1292 dulcissimus,
1259 1213 1337 1276 dem

267 1315 330 1378 quo
353 1293 434 1356 illud
456 1297 667 1376 prementum
691 1295 756 1356 est:
779 1295 837 1374 qui
854 1292 972 1371 fauam
994 1295 1182 1360 mellisam
1197 1302 1297 1376 amat,

266 1379 333 1443 odit
353 1383 411 1442 tua
431 1379 594 1453 carmina,
618 1375 746 1441 Maeui.
784 1377 838 1440 hic
854 1375 1150 1459 eloquentissimum
1167 1399 1299 1444 carmen

267 1463 301 1525 in
324 1465 397 1525 octo
420 1464 530 1543 partes
552 1459 709 1522 orationis
732 1458 848 1540 edidit,
871 1460 907 1522 in
928 1480 991 1542 quo
1014 1459 1094 1524 haec
1110 1463 1171 1526 ait:
1193 1465 1298 1543 parti-

267 1546 387 1628 cipium
411 1544 537 1625 ameria
564 1543 667 1607 omuis
695 1561 787 1606 omae
815 1548 879 1608 tam
906 1563 944 1606 ea
964 1544 1060 1608 uerbo
1082 1565 1180 1622 quam
1202 1548 1299 1611 ctiam

268 1649 306 1695 ea
332 1629 460 1692 uomiue
487 1627 746 1710 comparatitium
766 1628 987 1709 rectoyradum
1008 1628 1110 1694 trahit
1129 1632 1218 1695 iure:
1245 1631 1337 1695 seda

268 1717 297 1778 et
322 1711 556 1793 superlatiuum
583 1710 688 1775 cadem
714 1715 852 1791 receptat
878 1731 972 1777 more.
1010 1711 1045 1774 in
1071 1733 1134 1794 quo
1157 1714 1301 1778 ostendit

269 1816 365 1860 omne
388 1814 493 1878 genus
515 1813 581 1856 non
605 1792 962 1874 solumappellatorum
977 1797 1162 1876 nominum,
1185 1817 1298 1860 uerum

269 1880 366 1943 etiam
387 1879 561 1941 uerborum
583 1876 647 1939 hiis
669 1875 846 1959 praedictis
868 1876 1021 1960 gradibus
1044 1880 1223 1962 conparari.

355 1961 441 2026 Sunt
462 1961 560 2025 etiam
583 1960 772 2044 participia,
797 1980 933 2042 quorum
955 1960 1054 2024 uerba
1067 1982 1135 2026 non
1151 1968 1219 2026 tam
1234 1964 1299 2027 usi·

267 2048 336 2110 tata
360 2047 450 2123 sunt,
480 2047 514 2108 et
535 2043 608 2107 ideo
630 2046 795 2126 negantur
816 2042 886 2105 fieri
908 2044 1097 2126 participia,
1127 2046 1182 2109 sed
1205 2049 1298 2111 aesti-
1312 2071 1344 2110 aa

268 2131 399 2193 mantur
427 2128 560 2191 nomina
589 2146 659 2189 esse
686 2125 933 2209 participiorum
962 2127 1081 2190 similia
1105 2133 1143 2191 ut
1165 2133 1299 2211 topatus,

268 2213 442 2290 tunicatus,
466 2213 631 2287 mitratus,
655 2210 824 2289 calciatus,
844 2209 1024 2292 cludimus,
1046 2212 1210 2290 hastatus,
1232 2232 1300 2278 scu·

268 2301 363 2362 tatas.
406 2295 492 2378 qnod
526 2294 555 2357 si
587 2294 634 2357 ita
662 2297 727 2376 est,
761 2293 937 2356 secundum
964 2292 1048 2357 hanc
1077 2296 1237 2359 rationem
1268 2301 1302 2361 et

268 2381 349 2442 baec
377 2379 424 2441 ita
453 2397 522 2440 esse
556 2375 700 2439 dicamus
725 2378 942 2456 praecinctus,
972 2379 1117 2453 uestitus,
1148 2381 1300 2457 amictus;

269 2483 406 2559 quorum
422 2464 535 2524 tamen
549 2458 651 2523 uerba
673 2459 764 2523 omni
783 2458 907 2543 legenti
923 2460 1130 2542 paratissimo
1150 2462 1299 2545 frequen·
1313 2485 1339 2525 aa

268 2546 458 2627 bssimoqne
481 2545 657 2627 suppetant
677 2563 768 2607 ussa.
803 2547 836 2606 et
858 2542 1016 2625 quomodo
1039 2543 1120 2608 illud
1141 2548 1300 2610 Aeneae

267 2629 394 2694 stabit?
423 2629 539 2692 milites
560 2627 596 2690 in
620 2626 669 2690 uit
691 2627 889 2691 tunicautur.
929 2627 1115 2705 etiterum,
1138 2630 1212 2710 qais
1231 2631 1301 2712 yla·

269 2713 413 2778 citabitur
445 2713 482 2775 ia
515 2648 619 2775 belloi
658 2707 855 2772 Horatius
889 2729 1016 2792 quoque
1048 2731 1166 2792 mayuo
1193 2712 1303 2796 inquit

269 2799 389 2878 inipetu
407 2796 493 2875 sacto
515 2794 729 2858 tastaucraut
748 2812 781 2857 se
794 2811 900 2857 omues
915 2799 944 2858 et
957 2795 1178 2860 calciaaeruut
1191 2800 1220 2860 et
1233 2815 1301 2860 scca

270 2885 371 2946 tautes
398 2898 430 2944 se
457 2880 640 2942 iuraeruut.
677 2876 768 2940 uides
796 2897 869 2940 ecoe
896 2877 1054 2957 quomodo
1083 2877 1164 2943 haec
1192 2880 1301 2943 actius
1314 2903 1340 2943 a

270 2963 369 3027 uerba
402 2962 633 3041 inueniuntur,
667 2966 700 3023 et
731 2980 799 3023 non
834 2959 929 3023 modo
960 2960 1068 3024 actiua
1099 2962 1301 3046 simpliciter,

269 3067 382 3110 uerum
411 3048 445 3108 et
470 3042 659 3126 tripliciter:
694 3043 866 3106 manifeste
896 3042 983 3105 enim
1013 3045 1159 3108 ostendit
1187 3065 1301 3109 sensus

339 3268 355 3316 a
374 3260 468 3381 {aaa
479 3259 562 3328 una
580 3259 666 3313 amsa
683 3258 765 3336 arpa
783 3258 838 3329 rag
855 3258 908 3326 ap
921 3225 1302 3327 rtrobanuusnuseeu-

270 3328 359 3382 cimus
418 3328 475 3394 1110
493 3326 585 3380 Meius
602 3326 645 3380 acl
662 3325 752 3379 Mevrs
771 3327 829 3394 (me
846 3327 927 3393 corr.)
945 3324 980 3379 N
992 3326 1002 3394 l
1015 3324 1185 3380 dulcissimis
1201 3325 1236 3380 N
1245 3329 1256 3396 ΙΙ
1270 3333 1304 3380 14

271 3445 323 3484 aex
340 3428 375 3506 N
382 3428 439 3548 1μὲ
451 3427 592 3481 metratus
604 3425 639 3479 N
648 3427 658 3494 ll
672 3426 779 3504 astatus
792 3441 826 3479 ea
839 3426 947 3479 estntus
958 3425 993 3503 N
1001 3427 1012 3493 ll
1024 3431 1057 3479 23
1070 3393 1171 3481 ¹¹¹hane
1191 3425 1227 3480 N
1240 3429 1245 3495 Ι
1268 3433 1303 3480 24

269 3494 503 3631 {gaicgrlaeplpslwl
516 3498 550 3547 25
568 3494 770 3562 parantrssrmo
787 3492 821 3544 N
830 3495 840 3560 ΙΙ
854 3496 886 3544 26
904 3493 1052 3562 supprtant
1062 3493 1098 3548 N
1106 3494 1117 3561 ΙΙ
1130 3496 1160 3547 et
1173 3495 1230 3561 qffi
1287 3491 1301 3561 ll
