3210 4162
543 397 547 406 Ι
584 318 619 378 Χ.
641 317 691 372 DE
710 318 998 378 CONIUNCTIONE.
1263 322 1304 386 73

276 470 362 533 enim
386 490 508 551 quoquc
529 475 657 554 praeter
680 472 774 534 metri
797 471 1013 554 expletionem
1035 470 1159 536 nullam
1175 492 1304 536 causam

275 553 381 622 babet.
430 554 516 619 inter
547 560 653 621 cutm
687 560 720 619 et
751 557 835 620 enim
861 556 922 620 hoc
947 555 1062 635 distat,
1095 556 1173 638 quia
1197 560 1304 622 cotem

275 637 456 703 dictionum
486 660 617 704 sensum
647 643 822 703 commotat
849 661 888 702 ac
917 639 1087 720 discernit,
1115 641 1200 705 enim
1228 661 1303 704 con-

274 722 426 806 glutinat.
470 722 556 788 inter
586 744 699 790 udum
731 727 764 788 et
790 745 866 789 uero
894 723 975 787 duae
1004 727 1081 787 sunt
1110 723 1301 788 distantiae:

273 827 355 887 una,
380 807 457 952 quia
477 828 591 872 uuum
606 807 818 891 praepositiui
834 807 957 870 ordinis
973 812 1037 886 est,
1061 828 1138 872 cero
1152 808 1301 872 subiunc-
1328 825 1342 866 s

272 890 350 973 tiui3
373 912 392 952 a
405 890 448 971 ia,
465 892 541 974 quia
555 912 669 956 aarum
685 891 854 954 causaliter
868 912 928 974 pro
943 897 1051 956 tomen
1066 891 1212 974 habetur,
1227 912 1303 957 nero

273 974 315 1036 ob
337 973 555 1056 expletionem
570 996 648 1038 suae
669 978 797 1038 tanturn
820 975 969 1039 stationis
985 976 1153 1058 accipitur.
1191 996 1301 1058 quam-

272 1077 369 1138 quam
392 1057 473 1121 inv
496 1061 619 1140 species
641 1059 826 1123 coniunctio
850 1058 953 1122 diuisa
975 1060 1034 1142 sit,
1059 1066 1168 1122 tamen
1182 1060 1217 1122 in
1233 1081 1303 1122 sese

273 1141 542 1219 commiscuntur,
573 1143 621 1206 ita
643 1146 680 1205 ut
702 1163 913 1225 unaquaeque
935 1142 1069 1206 alterius
1092 1144 1220 1206 ratione
1241 1164 1301 1225 pro

272 1223 453 1288 dictionum
482 1225 639 1308 qualitate
669 1229 788 1289 utatur.
825 1229 1013 1309 frequenter
1042 1226 1128 1289 enim
1158 1227 1300 1290 causales
1314 1241 1340 1281 10

272 1329 332 1391 pro
365 1309 583 1374 rationalibus
617 1314 650 1374 et
683 1310 885 1393 copulatiuae
917 1331 977 1393 pro
1008 1310 1190 1374 causalibus
1223 1311 1300 1393 poni

271 1392 390 1473 solent,
413 1396 451 1456 ut
465 1415 523 1476 pro
539 1396 624 1458 enim
645 1399 675 1457 et
694 1399 836 1477 ponatur
852 1394 935 1457 sicut
951 1392 1093 1457 Cicero
1109 1413 1167 1457 uos
1180 1395 1302 1458 dicatis

271 1479 300 1539 et
315 1477 362 1539 dii
376 1496 434 1541 uos
448 1478 616 1559 inuocat,
639 1481 804 1560 tamquam
819 1478 955 1558 adeletia,
972 1478 1049 1558 quio
1067 1496 1126 1542 uos
1140 1479 1299 1542 inuuunt.
1329 1531 1331 1535 .

271 1560 423 1635 quoniam
456 1562 595 1625 etenim
616 1582 675 1644 pro
699 1565 804 1625 tomen
827 1565 860 1624 et
881 1563 911 1624 si
931 1564 1098 1643 ponuntur
1119 1561 1204 1624 sicut
1225 1558 1299 1623 Do-

269 1644 404 1706 natius
434 1646 615 1726 praetorius
643 1645 678 1707 in
705 1645 909 1726 apologetico
937 1645 983 1708 sic
1005 1644 1094 1707 fatus
1117 1647 1166 1708 est
1187 1664 1300 1724 quom·
1314 1658 1340 1698 1⁵

271 1744 369 1804 quum
390 1733 611 1805 arcacensem,
634 1731 786 1805 quoniam
808 1748 862 1810 epo
884 1729 1073 1792 amaritate
1095 1733 1180 1791 certo
1200 1728 1301 1808 rideas

270 1811 412 1874 omnium
435 1812 560 1892 probra
587 1816 711 1893 temporo
739 1810 801 1875 hoc
829 1816 879 1875 est
904 1815 1011 1876 tomen
1033 1812 1144 1876 omnio
1165 1815 1300 1892 tempero.

338 2032 363 2083 2,
388 2027 456 2080 Ood.
481 2027 564 2080 Laid.
589 2027 611 2091 s.
634 2031 696 2081 81³:
731 2027 808 2080 luter
835 2030 932 2080 autem
957 2056 988 2066 -
1013 2026 1089 2079 enim
1112 2025 1299 2094 conglutinat.

269 2098 293 2144 4.
311 2091 384 2146 Eae.
397 2093 485 2149 Bora.
498 2097 567 2156 200,
585 2097 622 2146 18
633 2100 658 2148 et
670 2094 748 2148 Lcid.
760 2094 782 2159 f.
793 2099 853 2147 81⁸:
873 2093 952 2147 Inter
963 2109 1063 2146 verum
1077 2123 1108 2132 -
1123 2094 1190 2160 quia
1201 2108 1299 2146 verum

268 2160 453 2226 praepositivi
471 2160 579 2213 ordinis
598 2162 642 2214 est
659 2178 685 2214 v,
698 2177 719 2213 s.
731 2176 756 2214 a.
777 2162 838 2228 (om.
858 2161 897 2226 L)
916 2176 935 2227 q
952 2160 1001 2228 (L)
1014 2189 1046 2198 -
1060 2159 1222 2227 expletione
1240 2159 1299 2211 tam

270 2225 318 2292 (L)
340 2256 369 2266 -
389 2227 535 2295 accipitur.
572 2226 690 2296 Frapm.
710 2227 800 2282 Moat.
815 2227 861 2293 (cs.
875 2229 967 2295 appi:
986 2227 1064 2280 luter
1078 2256 1108 2264 —
1122 2226 1158 2279 ob
1179 2226 1252 2293 (orn.)
1266 2255 1299 2264 -

267 2291 406 2360 accipitur
424 2293 588 2360 frequenter
607 2293 735 2348 causales
752 2324 785 2334 -
804 2295 927 2348 sicut-
945 2294 1081 2346 iuverunt
1098 2293 1233 2360 quoniam
1246 2307 1299 2360 pro

266 2359 363 2411 tamen
386 2360 503 2427 ponitur
524 2362 558 2412 ut
576 2360 728 2413 donativus
746 2361 905 2428 praetorius
923 2360 963 2412 sic
980 2359 1055 2413 satus
1074 2389 1106 2398 -
1125 2360 1205 2412 certa
1224 2361 1299 2423 (om.)

268 2460 300 2468 -
323 2426 420 2478 temno
444 2425 579 2495 quoniam
601 2457 635 2466 —
658 2427 746 2481 faciat
768 2427 893 2496 Sulpicio
916 2456 950 2465 —
972 2425 1114 2480 iurabant
1184 2431 1209 2482 7.
1227 2424 1298 2482 Erec.

267 2491 354 2551 Rem.
379 2495 449 2560 200,
476 2496 516 2547 22
538 2497 564 2547 et
590 2494 672 2548 Leid.
693 2494 715 2558 s.
737 2498 796 2547 81¹:
836 2493 1004 2561 Quanquam
1031 2493 1061 2546 in
1087 2521 1122 2533 -
1148 2492 1298 2546 disiunctio

267 2560 317 2626 (L)
342 2589 373 2599 -
397 2562 617 2615 commiscentur
640 2561 689 2628 (L)
708 2591 741 2601 —
762 2577 932 2630 unaquaque
952 2561 1003 2627 (B)
1027 2590 1057 2599 —
1079 2559 1234 2613 rationales
1247 2559 1298 2627 (L)

267 2656 301 2665 -
326 2627 433 2679 vicistis
456 2643 507 2680 vos
529 2658 563 2666 -
585 2628 758 2681 invenerunt
780 2629 832 2695 (bis
854 2628 895 2696 L)
917 2658 949 2668 -
970 2627 1117 2694 tamquam
1142 2627 1165 2678 ei
1189 2626 1240 2692 (L)
1266 2654 1299 2664 -

266 2696 364 2747 tamen
386 2694 409 2745 si
434 2694 484 2760 (B)
508 2725 542 2734 -
560 2695 682 2747 donatus
702 2693 753 2762 (Bi
772 2724 805 2734 -
824 2695 915 2748 lactus
939 2694 1045 2760 (ΒΨ)
1064 2722 1097 2732 -
1116 2694 1213 2746 tamen
1237 2693 1299 2759 (one.

268 2760 306 2827 L)
326 2788 358 2799 -·
377 2759 504 2814 Ulcanus
524 2760 577 2829 (L)
596 2791 629 2800 -
647 2761 676 2813 in
698 2761 747 2813 uid
761 2761 811 2824 (L)
830 2791 861 2800 ——
883 2760 1068 2814 vindicabant
1081 2759 1133 2827 (B)
1147 2788 1179 2836 3-
1193 2759 1298 2813 vivant.

267 2827 391 2894 morpiai
414 2827 442 2880 B
459 2844 548 2881 manu
570 2828 653 2881 Petri
702 2828 805 2882 antelis
825 2827 893 2881 boec
914 2827 1026 2880 adiecta
1047 2831 1127 2880 sumt:
1156 2842 1186 2877 rn
1209 2825 1299 2878 altero

267 2897 322 2946 vet.
343 2895 403 2952 cod.
423 2894 463 2947 sic
481 2894 618 2948 habetur:
637 2893 759 2946 donatus
772 2894 932 2962 praetorius
945 2895 973 2945 in
987 2891 1160 2970 apologitico
1173 2891 1212 2944 sic
1224 2892 1299 2944 fatus

267 2964 311 3012 est
328 2976 502 3027 quamquam
521 2965 568 3014 etc.
582 2989 614 2998 -
628 2965 666 3014 etr
686 2959 840 3014 Vulcianus
860 2960 895 3013 de
913 2959 1113 3012 imbecillitate
1131 2957 1297 3010 Tuscorum:

266 3025 362 3090 Enim,
386 3026 493 3095 inquit,
517 3027 623 3080 multos
646 3026 744 3080 vivent
766 3043 855 3080 annos
879 3042 909 3080 se
932 3041 1090 3093 numquam
1112 3024 1300 3078 vindicabunt

266 3094 320 3147 hoc
339 3095 383 3148 est
399 3094 423 3146 si
441 3093 549 3148 vivant.
585 3095 621 3160 of.
641 3094 725 3148 etiam
743 3111 810 3149 aaa.
829 3093 965 3148 Fleckeia.
997 3097 1070 3148 1860
1082 3106 1113 3160 p.
1131 3095 1190 3146 733.

260 3258 262 3261 l
337 3284 349 3330 1
370 3293 485 3331 causam
504 3280 544 3346 (a,
562 3295 596 3332 ex
613 3279 644 3342 u)
663 3279 715 3345 ΝΙ
739 3284 756 3332 3
774 3278 850 3331 enim
868 3293 934 3331 vero
946 3278 981 3331 N
990 3279 1001 3344 ΙΙ
1018 3281 1033 3330 b
1053 3274 1144 3344 unaQ
1160 3275 1195 3328 N
1204 3275 1242 3341 1Ιῖ
1261 3273 1298 3326 ob

267 3344 471 3413 expletionem]
486 3345 657 3413 expletionis
674 3346 708 3399 N
723 3348 727 3413 1
741 3343 810 3412 8in²
823 3347 843 3413 (i
856 3348 937 3410 corr.)
956 3344 989 3398 N
999 3345 1009 3411 l
1022 3359 1052 3396 se
1071 3357 1131 3397 esse
1148 3342 1177 3395 P
1188 3343 1227 3410 119
1246 3356 1298 3394 eon

266 3425 324 3498 mii
342 3423 445 3511 ἕξων
463 3445 497 3500 N
506 3446 516 3513 ll
530 3451 561 3498 12
580 3446 654 3500 sicut
673 3446 770 3500 Cicero
803 3448 836 3498 ut
847 3446 881 3499 N
890 3446 900 3512 ll
914 3450 946 3498 13
964 3423 1092 3497 iuverint
1100 3443 1134 3495 N
1143 3443 1153 3510 ΙΙ
1165 3443 1299 3518 iuverunt

265 3513 319 3567 hoc
338 3515 381 3567 est
399 3513 466 3579 quia
484 3513 511 3567 d.
529 3530 556 3569 v.
574 3514 709 3566 iuverunt
725 3513 759 3567 N
768 3515 772 3580 Ι
794 3519 824 3566 14
842 3512 924 3579 sicut]
937 3514 971 3563 ut
986 3511 1020 3564 N
1029 3511 1039 3578 ΙΙ
1053 3515 1153 3566 14-16
1165 3508 1298 3563 donabus

265 3596 356 3650 -ego
375 3596 425 3634 om.
444 3580 479 3633 N
488 3581 497 3647 ΙΙ
513 3586 544 3634 15
563 3580 729 3649 apoligitico
747 3582 776 3635 P
789 3581 798 3647 ΙΙ
814 3585 844 3633 16
863 3579 1004 3632 auctorita
1022 3582 1059 3635 P.
