3210 4162
214 275 258 338 34
453 271 608 327 VIRGILII
626 269 793 327 MARONIS
810 269 1011 327 ΕΡῙΤΟΜΑΕ.

215 444 272 491 crs
293 443 394 488 mona.
430 445 502 488 curn
525 444 577 486 me
592 427 750 487 Aeneas
771 423 974 487 sciscientem
997 421 1103 487 adhuc
1117 422 1244 486 rudem·

215 529 277 593 que
312 507 505 591 discipulum
535 506 640 571 lucide
667 507 766 572 uellet
791 507 941 590 inbuere,
976 505 1243 590 quandocumque

214 591 296 655 mihi
318 591 430 656 modos
452 590 624 655 nominum
650 591 791 674 syllabas
816 590 916 737 pedes
944 593 1048 654 metra
1069 590 1240 673 scribebat,

214 676 263 738 ita
284 675 414 758 punctis
438 674 654 757 interpossitis
676 675 816 739 informa
839 678 881 753 at,
905 678 943 739 ut
964 674 1070 756 pn'mo
1089 673 1172 757 pede
1186 696 1243 758 pa-

189 779 202 818 s
215 758 296 842 gilla
307 759 456 842 inpresso
470 779 568 823 unum
580 761 737 841 punctum
749 759 947 841 inprimeret,
964 758 1054 822 etita
1064 757 1241 822 secundum

214 845 451 907 incrementum
474 843 528 905 uel
556 863 725 906 numerum
752 842 919 906 modorum
941 844 1138 924 punctorum
1161 863 1241 925 quo·

215 947 276 1008 que
299 926 438 991 adiectio
460 926 661 1022 infigeretur.
689 927 722 990 et
744 927 820 1008 quia
841 926 944 1009 ipsius
965 927 1096 989 Aeneae
1119 925 1241 989 mentio

214 1009 347 1090 incedit,
370 1009 619 1073 commcmtoria
635 1009 704 1072 eius
720 1009 818 1073 uerba
832 1010 945 1091 paucis
960 1007 1123 1091 proferam
1139 1010 1242 1089 uobis,

214 1113 297 1175 quae
319 1096 454 1176 propter
475 1092 564 1156 illius
587 1093 719 1176 longam
740 1092 920 1156 absentiam
935 1091 1005 1156 sine
1021 1091 1164 1156 lacrimis
1178 1092 1242 1156 fari

177 1197 202 1235 ιο
214 1195 281 1240 non
302 1196 448 1259 possum.
494 1176 620 1240 dicebat
642 1176 750 1258 itaque
771 1174 867 1239 mihi:
891 1197 909 1241 o
939 1175 1072 1257 Virpiti,
1094 1177 1242 1258 primurn

213 1261 336 1342 sidua,
365 1280 407 1325 ne
428 1261 541 1342 pntius
568 1260 632 1323 tuis
652 1260 792 1323 inuentis
813 1280 909 1340 quoru
931 1265 1060 1324 tuorum
1081 1261 1242 1324 doctorum

213 1344 324 1408 eredes
351 1344 510 1426 exemptis.
555 1347 674 1423 quanto
696 1343 800 1423 rnupis
821 1349 904 1407 enirn
920 1343 1060 1424 propriu
1082 1345 1242 1408 autoritas

213 1427 400 1506 defenditur,
425 1431 512 1491 tento
533 1427 637 1508 rnupis
657 1426 793 1506 irprobu
804 1426 1014 1517 subitaeesse
1029 1428 1240 1507 deprenditur.

214 1509 343 1573 dicebat
366 1510 481 1573 etiam:
509 1510 634 1575 nultum
656 1510 736 1572 diem
761 1512 859 1573 toturn
881 1514 1019 1575 totumue
1039 1513 1160 1574 nortem
1180 1530 1241 1574 recr-

176 1609 201 1648 15
214 1612 307 1659 cuum
335 1614 357 1658 u
384 1595 563 1674 supientiae
588 1593 703 1656 studiis
730 1595 854 1673 cuipas,
884 1595 963 1673 quin
988 1598 1018 1657 et
1043 1595 1073 1657 si
1100 1613 1170 1657 unu
1191 1595 1242 1657 die

212 1676 264 1739 uei
285 1680 372 1739 noete
394 1677 554 1741 tectionem
576 1676 782 1739 intermiseris
803 1680 833 1738 et
853 1677 991 1739 erastino
1012 1677 1122 1741 stutirn
1145 1677 1242 1756 tepere

213 1760 359 1839 coeperis,
381 1778 492 1824 sensus
514 1779 646 1824 acumen
668 1759 873 1839 aliquantula
896 1760 965 1823 ticet
976 1762 1072 1839 perte
1086 1760 1242 1840 repperies

213 1843 392 1906 Naeuium.
435 1862 574 1922 numque
596 1843 735 1916 iectionis
755 1843 887 1907 intentio
910 1843 1046 1907 acuendi
1068 1847 1241 1924 unpnentu

214 1926 373 2005 conquirit
393 1927 524 2008 inpenii.
562 1924 622 1988 hoc
643 1924 724 1988 mihi
745 1946 823 2008 prae
846 1927 961 1990 ceteris
976 1925 1175 2006 insinuabat,
1199 1947 1241 1989 ne

175 2025 201 2067 n
215 2010 463 2092 congregandae
490 2009 665 2091 cupiditate
692 2008 847 2092 pecuniae
872 2013 1017 2073 tenerer:
1048 2009 1241 2073 sicutenim

214 2112 298 2174 aqua
320 2093 407 2175 ignis
430 2092 624 2157 extinctoria
646 2096 695 2157 est
717 2095 749 2156 et
771 2092 855 2155 sicut
875 2093 1029 2156 tenebrae
1052 2093 1164 2157 lumen
1186 2092 1241 2155 ob-

213 2176 369 2252 tendunt,
399 2176 447 2240 ita
475 2177 575 2239 etiam
602 2176 757 2258 sapientis
787 2195 918 2239 sensum
939 2176 1098 2258 pecuniae
1123 2176 1240 2258 cupido

212 2258 402 2340 incapacem
426 2261 653 2342 expertemque
674 2258 809 2341 peritiae
830 2258 919 2322 facit.
958 2280 1071 2322 uerum
1086 2260 1241 2343 quoniam

214 2341 325 2403 omnia
352 2341 441 2405 illius
469 2342 662 2405 documenta
690 2362 938 2406 commemorare
959 2363 1020 2406 nec
1043 2342 1140 2405 huius
1162 2345 1240 2405 tem-

174 2440 200 2480 25
213 2425 302 2506 poris
329 2424 439 2488 stiliue
467 2445 528 2489 nec
555 2444 645 2488 meae
675 2424 848 2494 facultatis„
864 2447 933 2490 esse
955 2425 1111 2504 arbitror,
1143 2446 1240 2489 unam

211 2506 308 2589 illius,
325 2528 409 2590 quae
424 2508 508 2573 sorte
519 2507 704 2593 legentibus
714 2509 825 2592 prosit,
843 2509 1039 2574 sententiam
1051 2530 1240 2594 proponam.

213 2589 351 2672 quadam
363 2592 413 2654 dic
424 2611 498 2656 cum
507 2612 579 2655 eum
588 2594 710 2656 secreto
720 2612 916 2675 quaererem,
930 2591 1008 2676 quid
1016 2593 1103 2656 inter
1109 2613 1240 2657 causam

281 2828 294 2873 1
309 2838 354 2875 me
367 2837 417 2878 one.
431 2823 466 2877 N
474 2825 484 2892 1
497 2823 673 2878 sciscientem
682 2824 718 2889 P,
729 2839 781 2879 om.
793 2825 823 2879 N
835 2826 846 2892 11
861 2832 873 2878 1
884 2827 903 2879 f.
916 2825 953 2878 ad
965 2825 1119 2892 utrumque
1133 2827 1239 2892 (utrum

211 2919 244 2972 a
261 2921 329 2988 ras.)
348 2921 418 2976 cau
440 2921 520 2976 urum
536 2922 617 3000 nia
635 2903 720 2978 derce
733 2924 786 2993 nu
798 2909 880 2978 vein
896 2923 925 3001 1?
956 2921 1046 2978 uenae
1057 2925 1104 3002 qe,
1121 2923 1190 2994 aar)
1209 2925 1242 2978 n

213 2986 226 3054 11
242 2993 257 3040 3
275 2987 376 3042 modus
394 2989 423 3042 P
460 2991 468 3025 ¹
481 2991 491 3058 11
503 3005 648 3043 nomrnum
661 3005 712 3044 orn.
723 2991 757 3044 N
765 2991 775 3059 1
788 2991 832 3047 tf.
851 2965 976 3059 papilius
992 2991 1021 3044 P
1033 2991 1043 3058 11
1055 3007 1190 3059 rnpraesso
1202 2993 1240 3058 P,

210 3085 240 3138 in
261 3102 338 3141 ressa
354 3087 389 3142 N
402 3090 447 3157 ii⁶
464 3089 632 3158 inpresmere
650 3089 679 3143 P
709 3060 884 3210 inprimere*
898 3091 931 3146 N
946 3091 956 3158 ΙΙ
974 3091 1127 3145 secondum
1150 3093 1179 3146 P
1195 3094 1205 3161 11
1224 3099 1239 3145 7

210 3168 228 3206 a
247 3153 322 3207 reato
339 3155 368 3208 P
404 3161 490 3210 ἰ’-14
507 3155 665 3224 infigiretur
682 3130 744 3210 dice
766 3158 796 3210 at
814 3159 889 3210 enim
906 3158 941 3213 N
954 3159 1010 3226 1113
1028 3159 1195 3230 deprqditur
1211 3160 1240 3213 P

212 3219 225 3288 11
239 3226 270 3274 lo
282 3219 344 3274 die*
399 3223 409 3290 1
424 3227 455 3276 16
468 3223 591 3278 crastino
602 3223 632 3277 P
643 3223 653 3290 1
666 3229 698 3276 19
707 3223 728 3281 f.
745 3223 852 3293 ingenii
871 3225 945 3279 sicut
960 3224 995 3279 N
1008 3229 1100 3280 cetera
1117 3241 1167 3281 om.
1180 3228 1237 3294 121

209 3319 290 3438 rgps
302 3319 356 3388 nn
368 3321 430 3375 nr.
449 3302 607 3377 obiturum
625 3326 652 3389 (ο
665 3324 748 3392 eas.)
760 3324 797 3389 P,
811 3303 971 3379 obtineant
992 3325 1049 3394 Νη
1067 3331 1168 3379 n-er
1191 3342 1239 3379 ou-

209 3401 456 3591 tessine,
469 3389 1239 3577 nittqtrnnniitrutinetur

635 3563 643 3589 t

210 3519 440 3587 Ptquaerercm
475 3523 589 3577 eberem
663 3539 789 3578 eruerem
807 3523 1060 3592 Hurteictinsru.
1074 3527 1084 3594 1
1098 3525 1238 3594 qinterP.
