3210 4162
642 292 691 352 111.
718 292 767 348 on
786 293 920 350 uanuo.
1233 296 1294 362 153

265 445 427 525 cadatis,
450 463 532 525 quae
553 445 747 526 credidistis,
769 445 952 529 conspicit
972 446 1142 512 uoluistis?
1163 446 1225 512 hoc
1244 451 1295 512 est

265 529 372 593 dicere
394 547 476 608 quoe
496 530 641 594 iurastis.
676 527 774 594 (lato
795 549 924 613 quoque
938 531 968 595 oi
983 531 1054 612 puis
1068 531 1114 595 ait
1127 532 1295 612 discredat,

265 613 376 678 meritc
404 613 602 694 dampnetur.
639 612 703 678 hoo
734 620 783 677 est
808 616 960 697 periuret.
999 614 1047 678 sia
1069 615 1167 679 etiam
1190 616 1296 682 lucror

266 697 426 796 duplicem
453 717 583 795 sensum
611 697 728 795 babet,
762 698 915 781 pecunias
943 698 1080 796 scilicet
1095 699 1294 783 acquirendi,

266 781 570 928 {titillabit
588 783 1295 950 illabilillllgsslledtdll
1322 802 1335 842 ⁵

266 949 454 1030 sionemque
487 948 674 1031 pertinebit.
717 951 887 1013 motantur
919 969 1045 1032 quoque
1079 970 1138 1033 per
1164 950 1295 1035 figuras,

266 1031 352 1114 quod
376 1032 525 1095 omnibus
546 1053 703 1115 apparere
726 1033 911 1116 legentibus
926 1036 1048 1114 potest:
1070 1039 1296 1097 uerumtamen

265 1135 332 1178 uno
359 1114 422 1178 hoc
449 1115 659 1197 probabimus
688 1117 846 1199 exemplo.
884 1117 1019 1179 dicimus
1042 1117 1129 1179 enim
1150 1121 1296 1182 construo

267 1209 298 1262 et
326 1199 473 1277 adalram
506 1198 594 1262 aliud
621 1199 710 1262 enim
738 1199 946 1281 aedificandi,
977 1199 1065 1263 aliud
1092 1199 1292 1264 adfirmandi.
1308 1217 1334 1256 ιο

267 1284 433 1345 motantur
460 1281 564 1345 nihilo
592 1282 701 1346 minus
722 1304 781 1366 per
802 1287 963 1366 tempora,
992 1303 1067 1346 eum
1088 1283 1124 1347 in
1146 1283 1296 1347 lectionis

268 1365 502 1430 consuetudine
523 1366 700 1430 habeamus
714 1368 751 1430 in
765 1387 827 1431 usu
864 1366 1022 1431 raesentis
1044 1370 1171 1450 tempus
1193 1368 1296 1450 <pro>

268 1449 444 1544 praeterito
459 1448 604 1531 perfecto
620 1449 771 1531 seribere,
791 1389 1025 1514 uebatonis:
1048 1471 1120 1515 eum
1139 1454 1298 1516 uenissent

267 1531 380 1614 mquid
401 1535 528 1613 utrique
544 1533 649 1615 priam
670 1533 853 1598 aliocuntur
873 1533 1027 1599 Romani.
1065 1535 1127 1598 hoc
1149 1539 1197 1598 est
1219 1534 1298 1599 allo-

268 1617 332 1681 cuti
353 1619 436 1680 suat.
474 1621 528 1678 sed
552 1637 616 1699 qua
638 1617 765 1680 ratione
787 1617 871 1681 istud
889 1619 1080 1699 usurpatum
1096 1620 1160 1695 est,
1182 1617 1296 1699 paucis
1310 1633 1334 1674 u

269 1699 459 1782 perdoctum
482 1703 546 1780 est,
576 1700 639 1764 nisi
663 1701 740 1781 quia
762 1700 858 1763 multi
880 1699 1070 1763 Latinorum
1093 1721 1112 1763 a
1134 1699 1297 1763 ueteribus

267 1783 329 1846 sibi
351 1782 505 1845 traditum
528 1785 647 1865 putant
667 1805 822 1866 praesens
841 1788 968 1866 tempus
982 1785 1021 1845 ad
1037 1788 1209 1867 utrumque
1225 1803 1297 1865 per·

268 1867 393 1944 tinere,
422 1866 490 1928 siue
512 1866 653 1949 quodid
677 1867 834 1951 temporis
857 1868 967 1950 agitur
988 1867 1058 1931 siue
1079 1873 1164 1950 quod
1188 1866 1298 1930 certis·

270 1951 352 2014 simo
374 1955 519 2032 tempore
541 1951 635 2033 quasi
657 1952 823 2033 praesenti
845 1952 880 2014 in
903 1957 978 2014 actu
1000 1950 1198 2033 praeterluit.

353 2031 451 2097 Nunc
472 2033 512 2097 ad
534 2033 778 2118 indagationem
801 2034 893 2098 uerbi
914 2033 1093 2097 ueniamus.
1125 2033 1297 2116 indagatio
1310 2050 1336 2089 πο

269 2115 359 2180 uerbi
381 2116 486 2180 tribus
507 2116 612 2181 modis
635 2117 852 2202 intellegitur:
876 2116 911 2179 in
929 2117 1172 2200 coniugatione,
1195 2117 1231 2180 in
1245 2115 1298 2179 de·

270 2199 461 2276 clinatione,
484 2200 520 2262 in
542 2205 658 2264 metro.
696 2201 733 2264 in
756 2200 986 2283 coniugatione
1008 2200 1137 2282 quidem
1158 2221 1217 2282 per
1232 2201 1299 2262 tres

269 2283 380 2346 literas
402 2284 600 2365 principales
622 2282 813 2367 indagatur,
840 2304 923 2367 quae
945 2287 1022 2346 sunt
1043 2303 1065 2347 o
1086 2304 1102 2348 e
1122 2285 1152 2365 i,
1180 2282 1298 2365 quibus

270 2366 364 2448 quasi
392 2366 531 2448 quadam
558 2367 715 2450 indagine
744 2388 763 2430 a
785 2366 925 2431 secunda
945 2386 1083 2448 persona
1104 2365 1193 2429 modi
1215 2364 1298 2429 indi-

271 2449 370 2514 catiui
397 2449 504 2513 omnis
527 2449 713 2535 coniugatio
736 2471 794 2533 per
815 2449 963 2534 singulos
984 2448 1097 2513 modos
1119 2448 1338 2513 dinoscitureo

269 2537 307 2598 ut
329 2534 445 2599 laudm
464 2533 565 2617 [αἴρω
585 2535 679 2617 sepia
717 2534 890 2620 indagatur
908 2536 1015 2597 autem
1031 2533 1068 2596 in
1081 2532 1299 2597 declinatione

269 2639 328 2701 per
350 2618 491 2700 quinque
512 2625 660 2701 tempora
666 2664 675 2699 ‚
700 2639 783 2701 quae
805 2617 980 2682 manifesta
994 2620 1087 2680 sunt:
1110 2618 1164 2680 uia
1177 2617 1299 2700 quippe

270 2700 362 2765 uerbi
393 2699 578 2764 declinandi
598 2705 728 2782 tempus
752 2704 811 2765 est.
850 2721 926 2782 sepe
949 2699 1045 2764 etiam
1068 2699 1242 2783 indagatur
1264 2700 1300 2763 in

269 2789 373 2848 metro
401 2804 459 2866 per
480 2784 596 2866 pedes,
625 2785 681 2866 qui
702 2789 780 2848 sunt
800 2783 961 2867 syllabae:
992 2787 1155 2847 crescente
1177 2783 1298 2847 etenim

271 2867 467 2950 syllabarum
488 2889 624 2932 numero
648 2872 753 2931 metra
774 2867 866 2931 uerbi
883 2868 1112 2948 conponuntur
1126 2867 1161 2930 in
1176 2887 1297 2947 uersus,
1311 2879 1338 2918 ³0

270 2951 355 3034 quod
378 2950 507 3033 plenius
529 2952 564 3014 in
588 2950 805 3014 declinatione
827 2949 1046 3034 probabimus

356 3033 541 3099 Affirmatio
562 3055 629 3099 uno
650 3035 749 3098 modo
773 3033 949 3098 secundum
970 3035 1115 3113 nostros,
1138 3052 1212 3096 eum
1234 3031 1299 3096 duo

270 3119 370 3182 uerba
392 3139 451 3202 pro
473 3118 666 3183 affirmanda
688 3118 852 3183 sententia
872 3117 931 3181 uni
954 3115 1089 3181 dictioni
1110 3115 1301 3199 praesidunt

341 3359 353 3402 1
373 3349 501 3404 eradica
519 3350 554 3404 N
567 3364 637 3408 corr.
655 3349 722 3405 Mae
739 3352 749 3419 ιι
765 3357 782 3405 4
806 3348 970 3472 arwinum
988 3348 1044 3418 Nn
1063 3355 1078 3404 e
1097 3316 1211 3403 cohibeo
1227 3337 1302 3416 Nm

270 3417 427 3496 fereeras.)
440 3418 450 3485 ΙΙ
465 3424 495 3471 12
508 3435 592 3471 usum
604 3416 639 3470 N
648 3416 658 3485 ll
670 3419 829 3486 praesentia
879 3456 886 3483 ‚
902 3417 968 3496 fort:
1004 3417 1133 3496 raeeente
1145 3418 1156 3485 ΙΙ
1168 3431 1219 3485 pro
1232 3415 1300 3470 acc.

272 3490 336 3541 Moe
348 3485 358 3552 ΙΙ
373 3489 404 3538 16
421 3484 590 3617 ῇετᾱοοὴυω
608 3483 653 3550 Ν,
661 3484 885 3604 [perdocendum
902 3482 968 3537 Mae
980 3433 1035 3552 {lli
1054 3483 1189 3538 traditam
1201 3483 1234 3538 N
1244 3483 1254 3550 ΙΙ
1268 3486 1300 3536 19

272 3555 367 3606 aetum
384 3551 419 3605 N
451 3558 484 3606 20
501 3551 641 3621 indigatio
694 3592 700 3605 .
