<?xml version="1.0" encoding="UTF-8"?>
<!DOCTYPE html PUBLIC "-//W3C//DTD XHTML 1.0 Transitional//EN"
    "http://www.w3.org/TR/xhtml1/DTD/xhtml1-transitional.dtd">
<html xmlns="http://www.w3.org/1999/xhtml" xml:lang="en" lang="en">
 <head>
  <title>
</title>
<meta http-equiv="Content-Type" content="text/html;charset=utf-8" />
  <meta name='ocr-system' content='tesseract 3.04.00' />
  <meta name='ocr-capabilities' content='ocr_page ocr_carea ocr_par ocr_line ocrx_word'/>
</head>
<body>
  <div class='ocr_page' id='page_1' title='image "./opera02virggoog_0185.png"; bbox 0 0 3210 4162; ppageno 0'>
   <div class='ocr_carea' id='block_1_1' title="bbox 306 279 1098 354">
    <p class='ocr_par' dir='ltr' id='par_1_1' title="bbox 306 279 1098 354">
     <span class='ocr_line' id='line_1_1' title="bbox 306 279 1098 354; baseline -0.01 -10"><span class='ocrx_word' id='word_1_1' title='bbox 306 288 367 354; x_wconf 83' lang='lat'><strong>160</strong></span> <span class='ocrx_word' id='word_1_2' title='bbox 531 282 687 339; x_wconf 78' lang='lat' dir='ltr'>VIRGILII</span> <span class='ocrx_word' id='word_1_3' title='bbox 705 280 871 336; x_wconf 85' lang='lat' dir='ltr'><strong>MARONIS</strong></span> <span class='ocrx_word' id='word_1_4' title='bbox 889 279 1098 337; x_wconf 79' lang='lat' dir='ltr'>EPISTOLAE.</span> 
     </span>
    </p>
   </div>
   <div class='ocr_carea' id='block_1_2' title="bbox 302 432 1329 601">
    <p class='ocr_par' dir='ltr' id='par_1_2' title="bbox 302 432 1329 601">
     <span class='ocr_line' id='line_1_2' title="bbox 302 432 1327 516; baseline -0.008 -13"><span class='ocrx_word' id='word_1_5' title='bbox 302 437 434 503; x_wconf 84' lang='lat' dir='ltr'><strong>adiectis</strong></span> <span class='ocrx_word' id='word_1_6' title='bbox 455 434 643 500; x_wconf 87' lang='lat' dir='ltr'>nominibus</span> <span class='ocrx_word' id='word_1_7' title='bbox 666 433 804 498; x_wconf 88' lang='lat' dir='ltr'><strong>ueniunt</strong></span> <span class='ocrx_word' id='word_1_8' title='bbox 825 436 863 495; x_wconf 90' lang='lat' dir='ltr'><strong>ut</strong></span> <span class='ocrx_word' id='word_1_9' title='bbox 883 433 1051 510; x_wconf 78' lang='lat' dir='ltr'><strong>coelestim,</strong></span> <span class='ocrx_word' id='word_1_10' title='bbox 1072 432 1197 513; x_wconf 78' lang='lat' dir='ltr'><strong>sortiar.</strong></span> <span class='ocrx_word' id='word_1_11' title='bbox 1232 453 1327 516; x_wconf 90' lang='lat' dir='ltr'><strong>quae·</strong></span> 
     </span>
     <span class='ocr_line' id='line_1_3' title="bbox 303 516 1329 601; baseline -0.005 -16"><span class='ocrx_word' id='word_1_12' title='bbox 303 523 374 585; x_wconf 82' lang='lat' dir='ltr'><strong>dam</strong></span> <span class='ocrx_word' id='word_1_13' title='bbox 408 541 486 584; x_wconf 89' lang='lat' dir='ltr'><strong>uero</strong></span> <span class='ocrx_word' id='word_1_14' title='bbox 519 539 559 583; x_wconf 90' lang='lat' dir='ltr'><strong>ex</strong></span> <span class='ocrx_word' id='word_1_15' title='bbox 591 517 783 601; x_wconf 89' lang='lat' dir='ltr'><strong>possessiuis</strong></span> <span class='ocrx_word' id='word_1_16' title='bbox 811 516 1055 598; x_wconf 82' lang='lat' dir='ltr'>pronominibus</span> <span class='ocrx_word' id='word_1_17' title='bbox 1083 519 1264 579; x_wconf 87' lang='lat' dir='ltr'><strong>nascuntur</strong></span> <span class='ocrx_word' id='word_1_18' title='bbox 1292 521 1329 580; x_wconf 94' lang='lat' dir='ltr'><strong>ut</strong></span> 
     </span>
    </p>
   </div>
   <div class='ocr_carea' id='block_1_3' title="bbox 172 598 1328 683">
    <p class='ocr_par' dir='ltr' id='par_1_3' title="bbox 172 598 1328 683">
     <span class='ocr_line' id='line_1_4' title="bbox 172 598 1328 683; baseline -0.007 -13"><span class='ocrx_word' id='word_1_19' title='bbox 172 640 182 659; x_wconf 91' lang='lat'><strong>·</strong></span> <span class='ocrx_word' id='word_1_20' title='bbox 301 606 445 683; x_wconf 73' lang='lat' dir='ltr'><strong>uicatim,</strong></span> <span class='ocrx_word' id='word_1_21' title='bbox 467 603 648 667; x_wconf 77' lang='lat' dir='ltr'><strong>nostratim.</strong></span> <span class='ocrx_word' id='word_1_22' title='bbox 684 598 842 682; x_wconf 82' lang='lat' dir='ltr'><strong>quaedam</strong></span> <span class='ocrx_word' id='word_1_23' title='bbox 865 599 962 662; x_wconf 88' lang='lat' dir='ltr'><strong>etiam</strong></span> <span class='ocrx_word' id='word_1_24' title='bbox 984 620 1025 662; x_wconf 85' lang='lat' dir='ltr'><strong>ex</strong></span> <span class='ocrx_word' id='word_1_25' title='bbox 1040 599 1221 682; x_wconf 72' lang='lat' dir='ltr'><strong>participiis</strong></span> <span class='ocrx_word' id='word_1_26' title='bbox 1237 599 1328 663; x_wconf 92' lang='lat' dir='ltr'><strong>uerbi</strong></span> 
     </span>
    </p>
   </div>
   <div class='ocr_carea' id='block_1_4' title="bbox 266 682 1337 2935">
    <p class='ocr_par' dir='ltr' id='par_1_4' title="bbox 276 682 1330 1182">
     <span class='ocr_line' id='line_1_5' title="bbox 302 682 1330 770; baseline -0.006 -19"><span class='ocrx_word' id='word_1_27' title='bbox 302 689 424 770; x_wconf 87' lang='lat' dir='ltr'><strong>passini</strong></span> <span class='ocrx_word' id='word_1_28' title='bbox 439 688 475 750; x_wconf 91' lang='lat' dir='ltr'><strong>ut</strong></span> <span class='ocrx_word' id='word_1_29' title='bbox 488 686 640 766; x_wconf 72' lang='lat' dir='ltr'><strong>strictim,</strong></span> <span class='ocrx_word' id='word_1_30' title='bbox 662 684 865 765; x_wconf 72' lang='lat' dir='ltr'><strong>siayillatim:</strong></span> <span class='ocrx_word' id='word_1_31' title='bbox 887 703 961 745; x_wconf 89' lang='lat' dir='ltr'><strong>nam</strong></span> <span class='ocrx_word' id='word_1_32' title='bbox 977 683 1103 764; x_wconf 72' lang='lat' dir='ltr'><strong>stupido</strong></span> <span class='ocrx_word' id='word_1_33' title='bbox 1118 682 1195 746; x_wconf 84' lang='lat' dir='ltr'><strong>trite</strong></span> <span class='ocrx_word' id='word_1_34' title='bbox 1210 683 1330 767; x_wconf 86' lang='lat' dir='ltr'><strong>legitur</strong></span> 
     </span>
     <span class='ocr_line' id='line_1_6' title="bbox 276 765 1329 849; baseline 0 -20"><span class='ocrx_word' id='word_1_35' title='bbox 276 774 393 835; x_wconf 83' lang='lat' dir='ltr'><strong>siuxta</strong></span> <span class='ocrx_word' id='word_1_36' title='bbox 413 769 493 834; x_wconf 93' lang='lat' dir='ltr'><strong>illud</strong></span> <span class='ocrx_word' id='word_1_37' title='bbox 509 768 670 832; x_wconf 89' lang='lat' dir='ltr'><strong>Domini</strong></span> <span class='ocrx_word' id='word_1_38' title='bbox 693 767 950 849; x_wconf 75' lang='lat' dir='ltr'><strong>eloquentissimi</strong></span> <span class='ocrx_word' id='word_1_39' title='bbox 972 772 1004 829; x_wconf 88' lang='lat' dir='ltr'><strong>et</strong></span> <span class='ocrx_word' id='word_1_40' title='bbox 1024 765 1252 830; x_wconf 82' lang='lat' dir='ltr'><strong>modestissimi</strong></span> <span class='ocrx_word' id='word_1_41' title='bbox 1266 767 1329 830; x_wconf 89' lang='lat' dir='ltr'><strong>uiri</strong></span> 
     </span>
     <span class='ocr_line' id='line_1_7' title="bbox 303 850 1326 931; baseline -0.004 -13"><span class='ocrx_word' id='word_1_42' title='bbox 303 855 455 918; x_wconf 88' lang='lat' dir='ltr'><strong>dicentis:</strong></span> <span class='ocrx_word' id='word_1_43' title='bbox 477 872 543 917; x_wconf 76' lang='lat' dir='ltr'><strong>aon</strong></span> <span class='ocrx_word' id='word_1_44' title='bbox 564 857 611 917; x_wconf 81' lang='lat' dir='ltr'><strong>est</strong></span> <span class='ocrx_word' id='word_1_45' title='bbox 632 852 798 916; x_wconf 77' lang='lat' dir='ltr'><strong>mediocris</strong></span> <span class='ocrx_word' id='word_1_46' title='bbox 818 851 869 914; x_wconf 78' lang='lat' dir='ltr'><strong>ael</strong></span> <span class='ocrx_word' id='word_1_47' title='bbox 881 851 988 928; x_wconf 65' lang='lat' dir='ltr'><strong>scalis</strong></span> <span class='ocrx_word' id='word_1_48' title='bbox 1001 852 1118 931; x_wconf 72' lang='lat' dir='ltr'><strong>aeyolic&#39;</strong></span> <span class='ocrx_word' id='word_1_49' title='bbox 1132 850 1249 914; x_wconf 74' lang='lat' dir='ltr'><strong>boucam</strong></span> <span class='ocrx_word' id='word_1_50' title='bbox 1263 852 1326 914; x_wconf 81' lang='lat' dir='ltr'><strong>sia·</strong></span> 
     </span>
     <span class='ocr_line' id='line_1_8' title="bbox 301 932 1329 1020; baseline -0.006 -18"><span class='ocrx_word' id='word_1_51' title='bbox 301 938 416 1020; x_wconf 72' lang='lat' dir='ltr'><strong>pitture</strong></span> <span class='ocrx_word' id='word_1_52' title='bbox 444 957 465 1001; x_wconf 86' lang='lat' dir='ltr'>o</span> <span class='ocrx_word' id='word_1_53' title='bbox 494 936 589 1000; x_wconf 83' lang='lat' dir='ltr'><strong>molo.</strong></span> <span class='ocrx_word' id='word_1_54' title='bbox 632 933 783 997; x_wconf 87' lang='lat' dir='ltr'><strong>nonnulli</strong></span> <span class='ocrx_word' id='word_1_55' title='bbox 812 933 910 997; x_wconf 88' lang='lat' dir='ltr'><strong>etiam</strong></span> <span class='ocrx_word' id='word_1_56' title='bbox 939 953 978 996; x_wconf 86' lang='lat' dir='ltr'><strong>ex</strong></span> <span class='ocrx_word' id='word_1_57' title='bbox 1004 932 1115 1014; x_wconf 88' lang='lat' dir='ltr'><strong>primis</strong></span> <span class='ocrx_word' id='word_1_58' title='bbox 1143 933 1329 997; x_wconf 87' lang='lat' dir='ltr'><strong>nominibus</strong></span> 
     </span>
     <span class='ocr_line' id='line_1_9' title="bbox 304 1015 1330 1100; baseline -0.005 -15"><span class='ocrx_word' id='word_1_59' title='bbox 304 1021 414 1085; x_wconf 90' lang='lat' dir='ltr'><strong>uenire</strong></span> <span class='ocrx_word' id='word_1_60' title='bbox 429 1019 582 1083; x_wconf 88' lang='lat' dir='ltr'><strong>aduerbia</strong></span> <span class='ocrx_word' id='word_1_61' title='bbox 596 1018 803 1100; x_wconf 86' lang='lat' dir='ltr'><strong>suspicantur</strong></span> <span class='ocrx_word' id='word_1_62' title='bbox 824 1021 861 1080; x_wconf 92' lang='lat' dir='ltr'><strong>ut</strong></span> <span class='ocrx_word' id='word_1_63' title='bbox 868 1017 1008 1098; x_wconf 80' lang='lat' dir='ltr'><strong>partim,</strong></span> <span class='ocrx_word' id='word_1_64' title='bbox 1023 1015 1107 1099; x_wconf 91' lang='lat' dir='ltr'><strong>quod</strong></span> <span class='ocrx_word' id='word_1_65' title='bbox 1124 1015 1167 1080; x_wconf 92' lang='lat' dir='ltr'><strong>sit</strong></span> <span class='ocrx_word' id='word_1_66' title='bbox 1182 1038 1222 1081; x_wconf 87' lang='lat' dir='ltr'><strong>ex</strong></span> <span class='ocrx_word' id='word_1_67' title='bbox 1236 1019 1330 1100; x_wconf 88' lang='lat' dir='ltr'><strong>parte</strong></span> 
     </span>
     <span class='ocr_line' id='line_1_10' title="bbox 304 1100 971 1182; baseline -0.006 -15"><span class='ocrx_word' id='word_1_68' title='bbox 304 1105 440 1182; x_wconf 87' lang='lat' dir='ltr'><strong>dictum,</strong></span> <span class='ocrx_word' id='word_1_69' title='bbox 464 1107 497 1165; x_wconf 89' lang='lat' dir='ltr'><strong>et</strong></span> <span class='ocrx_word' id='word_1_70' title='bbox 517 1103 710 1167; x_wconf 76' lang='lat' dir='ltr'><strong>coloratotim</strong></span> <span class='ocrx_word' id='word_1_71' title='bbox 733 1122 772 1163; x_wconf 86' lang='lat' dir='ltr'><strong>ex</strong></span> <span class='ocrx_word' id='word_1_72' title='bbox 793 1100 971 1164; x_wconf 81' lang='lat' dir='ltr'><strong>uoluntate.</strong></span> 
     </span>
    </p>

    <p class='ocr_par' dir='ltr' id='par_1_5' title="bbox 266 1181 1332 1600">
     <span class='ocr_line' id='line_1_11' title="bbox 266 1181 1329 1266; baseline -0.002 -17"><span class='ocrx_word' id='word_1_73' title='bbox 266 1202 290 1241; x_wconf 87' lang='lat'><strong>10</strong></span> <span class='ocrx_word' id='word_1_74' title='bbox 390 1186 473 1261; x_wconf 81' lang='lat' dir='ltr'><strong>Quid</strong></span> <span class='ocrx_word' id='word_1_75' title='bbox 496 1185 607 1249; x_wconf 82' lang='lat' dir='ltr'><strong>nunc?</strong></span> <span class='ocrx_word' id='word_1_76' title='bbox 641 1185 718 1266; x_wconf 88' lang='lat' dir='ltr'><strong>quia</strong></span> <span class='ocrx_word' id='word_1_77' title='bbox 745 1185 783 1246; x_wconf 91' lang='lat' dir='ltr'><strong>de</strong></span> <span class='ocrx_word' id='word_1_78' title='bbox 812 1182 972 1247; x_wconf 88' lang='lat' dir='ltr'><strong>aduerbiis</strong></span> <span class='ocrx_word' id='word_1_79' title='bbox 994 1182 1112 1246; x_wconf 88' lang='lat' dir='ltr'><strong>alicubi</strong></span> <span class='ocrx_word' id='word_1_80' title='bbox 1135 1181 1254 1246; x_wconf 85' lang='lat' dir='ltr'><strong>dixisse</strong></span> <span class='ocrx_word' id='word_1_81' title='bbox 1277 1204 1329 1247; x_wconf 87' lang='lat' dir='ltr'><strong>me</strong></span> 
     </span>
     <span class='ocr_line' id='line_1_12' title="bbox 303 1265 1330 1350; baseline -0.003 -17"><span class='ocrx_word' id='word_1_82' title='bbox 303 1271 461 1350; x_wconf 78' lang='lat' dir='ltr'><strong>arbitror,</strong></span> <span class='ocrx_word' id='word_1_83' title='bbox 485 1289 588 1332; x_wconf 87' lang='lat' dir='ltr'><strong>sermo</strong></span> <span class='ocrx_word' id='word_1_84' title='bbox 609 1266 805 1331; x_wconf 90' lang='lat' dir='ltr'><strong>breuiandus</strong></span> <span class='ocrx_word' id='word_1_85' title='bbox 825 1270 889 1348; x_wconf 80' lang='lat' dir='ltr'><strong>est3</strong></span> <span class='ocrx_word' id='word_1_86' title='bbox 913 1270 989 1330; x_wconf 89' lang='lat' dir='ltr'><strong>ante</strong></span> <span class='ocrx_word' id='word_1_87' title='bbox 1012 1267 1102 1330; x_wconf 90' lang='lat' dir='ltr'><strong>ouius</strong></span> <span class='ocrx_word' id='word_1_88' title='bbox 1123 1265 1221 1330; x_wconf 89' lang='lat' dir='ltr'><strong>finem</strong></span> <span class='ocrx_word' id='word_1_89' title='bbox 1249 1266 1330 1330; x_wconf 87' lang='lat' dir='ltr'><strong>illud</strong></span> 
     </span>
     <span class='ocr_line' id='line_1_13' title="bbox 303 1349 1330 1434; baseline -0.003 -16"><span class='ocrx_word' id='word_1_90' title='bbox 303 1353 383 1418; x_wconf 92' lang='lat' dir='ltr'><strong>mihi</strong></span> <span class='ocrx_word' id='word_1_91' title='bbox 401 1353 558 1417; x_wconf 85' lang='lat' dir='ltr'><strong>Aeneae</strong></span> <span class='ocrx_word' id='word_1_92' title='bbox 580 1350 825 1415; x_wconf 86' lang='lat' dir='ltr'><strong>memorandum</strong></span> <span class='ocrx_word' id='word_1_93' title='bbox 848 1354 912 1433; x_wconf 86' lang='lat' dir='ltr'><strong>est,</strong></span> <span class='ocrx_word' id='word_1_94' title='bbox 935 1350 1019 1432; x_wconf 93' lang='lat' dir='ltr'><strong>quod</strong></span> <span class='ocrx_word' id='word_1_95' title='bbox 1042 1370 1115 1414; x_wconf 90' lang='lat' dir='ltr'><strong>curn</strong></span> <span class='ocrx_word' id='word_1_96' title='bbox 1130 1349 1330 1434; x_wconf 83' lang='lat' dir='ltr'><strong>interrogas·</strong></span> 
     </span>
     <span class='ocr_line' id='line_1_14' title="bbox 304 1433 1331 1517; baseline -0.002 -16"><span class='ocrx_word' id='word_1_97' title='bbox 304 1459 372 1502; x_wconf 89' lang='lat' dir='ltr'><strong>sem</strong></span> <span class='ocrx_word' id='word_1_98' title='bbox 394 1457 484 1516; x_wconf 88' lang='lat' dir='ltr'><strong>eum,</strong></span> <span class='ocrx_word' id='word_1_99' title='bbox 508 1439 660 1500; x_wconf 87' lang='lat' dir='ltr'><strong>utrumne</strong></span> <span class='ocrx_word' id='word_1_100' title='bbox 683 1435 839 1498; x_wconf 87' lang='lat' dir='ltr'><strong>aduerbia</strong></span> <span class='ocrx_word' id='word_1_101' title='bbox 861 1433 1002 1516; x_wconf 91' lang='lat' dir='ltr'><strong>conponi</strong></span> <span class='ocrx_word' id='word_1_102' title='bbox 1024 1434 1166 1517; x_wconf 86' lang='lat' dir='ltr'><strong>possint,</strong></span> <span class='ocrx_word' id='word_1_103' title='bbox 1190 1435 1276 1499; x_wconf 89' lang='lat' dir='ltr'><strong>sicut</strong></span> <span class='ocrx_word' id='word_1_104' title='bbox 1298 1439 1331 1499; x_wconf 92' lang='lat' dir='ltr'><strong>et</strong></span> 
     </span>
     <span class='ocr_line' id='line_1_15' title="bbox 304 1517 1332 1600; baseline -0.002 -16"><span class='ocrx_word' id='word_1_105' title='bbox 304 1526 428 1584; x_wconf 90' lang='lat' dir='ltr'><strong>ceterae</strong></span> <span class='ocrx_word' id='word_1_106' title='bbox 456 1520 612 1584; x_wconf 88' lang='lat' dir='ltr'><strong>orationis</strong></span> <span class='ocrx_word' id='word_1_107' title='bbox 636 1522 761 1600; x_wconf 84' lang='lat' dir='ltr'><strong>partes,</strong></span> <span class='ocrx_word' id='word_1_108' title='bbox 790 1518 837 1581; x_wconf 88' lang='lat' dir='ltr'><strong>ita</strong></span> <span class='ocrx_word' id='word_1_109' title='bbox 858 1517 938 1580; x_wconf 91' lang='lat' dir='ltr'><strong>mihi</strong></span> <span class='ocrx_word' id='word_1_110' title='bbox 959 1517 1141 1598; x_wconf 91' lang='lat' dir='ltr'><strong>respondit:</strong></span> <span class='ocrx_word' id='word_1_111' title='bbox 1179 1519 1256 1599; x_wconf 89' lang='lat' dir='ltr'><strong>quid</strong></span> <span class='ocrx_word' id='word_1_112' title='bbox 1279 1538 1332 1582; x_wconf 89' lang='lat' dir='ltr'><strong>me</strong></span> 
     </span>
    </p>

    <p class='ocr_par' dir='ltr' id='par_1_6' title="bbox 267 1600 1334 2016">
     <span class='ocr_line' id='line_1_16' title="bbox 267 1600 1332 1686; baseline 0.003 -24"><span class='ocrx_word' id='word_1_113' title='bbox 267 1623 292 1663; x_wconf 84' lang='lat' dir='ltr'><strong>ro</strong></span> <span class='ocrx_word' id='word_1_114' title='bbox 305 1605 488 1686; x_wconf 83' lang='lat' dir='ltr'><strong>interrogas</strong></span> <span class='ocrx_word' id='word_1_115' title='bbox 510 1603 543 1666; x_wconf 88' lang='lat' dir='ltr'><strong>id</strong></span> <span class='ocrx_word' id='word_1_116' title='bbox 567 1601 650 1684; x_wconf 91' lang='lat' dir='ltr'><strong>quod</strong></span> <span class='ocrx_word' id='word_1_117' title='bbox 670 1601 786 1665; x_wconf 90' lang='lat' dir='ltr'><strong>tritum</strong></span> <span class='ocrx_word' id='word_1_118' title='bbox 802 1601 874 1664; x_wconf 83' lang='lat' dir='ltr'><strong>est?</strong></span> <span class='ocrx_word' id='word_1_119' title='bbox 904 1622 979 1664; x_wconf 88' lang='lat' dir='ltr'><strong>narn</strong></span> <span class='ocrx_word' id='word_1_120' title='bbox 995 1600 1149 1664; x_wconf 88' lang='lat' dir='ltr'><strong>aduerbia</strong></span> <span class='ocrx_word' id='word_1_121' title='bbox 1163 1601 1242 1665; x_wconf 87' lang='lat' dir='ltr'><strong>duas</strong></span> <span class='ocrx_word' id='word_1_122' title='bbox 1258 1621 1332 1665; x_wconf 91' lang='lat' dir='ltr'><strong>con·</strong></span> 
     </span>
     <span class='ocr_line' id='line_1_17' title="bbox 305 1685 1332 1770; baseline -0.002 -20"><span class='ocrx_word' id='word_1_123' title='bbox 305 1686 500 1770; x_wconf 86' lang='lat' dir='ltr'><strong>positionum</strong></span> <span class='ocrx_word' id='word_1_124' title='bbox 537 1685 667 1769; x_wconf 82' lang='lat' dir='ltr'><strong>regulas</strong></span> <span class='ocrx_word' id='word_1_125' title='bbox 705 1685 844 1766; x_wconf 82' lang='lat' dir='ltr'><strong>habent3</strong></span> <span class='ocrx_word' id='word_1_126' title='bbox 883 1685 1001 1766; x_wconf 87' lang='lat' dir='ltr'><strong>prima,</strong></span> <span class='ocrx_word' id='word_1_127' title='bbox 1039 1705 1121 1766; x_wconf 82' lang='lat' dir='ltr'><strong>quae</strong></span> <span class='ocrx_word' id='word_1_128' title='bbox 1155 1685 1332 1748; x_wconf 89' lang='lat' dir='ltr'><strong>secundum</strong></span> 
     </span>
     <span class='ocr_line' id='line_1_18' title="bbox 306 1767 1332 1853; baseline 0 -21"><span class='ocrx_word' id='word_1_129' title='bbox 306 1774 430 1852; x_wconf 86' lang='lat' dir='ltr'><strong>partem</strong></span> <span class='ocrx_word' id='word_1_130' title='bbox 459 1791 497 1832; x_wconf 89' lang='lat' dir='ltr'><strong>ex</strong></span> <span class='ocrx_word' id='word_1_131' title='bbox 520 1790 583 1853; x_wconf 90' lang='lat' dir='ltr'><strong>qua</strong></span> <span class='ocrx_word' id='word_1_132' title='bbox 604 1769 716 1832; x_wconf 90' lang='lat' dir='ltr'><strong>ueniet</strong></span> <span class='ocrx_word' id='word_1_133' title='bbox 736 1767 938 1850; x_wconf 83' lang='lat' dir='ltr'><strong>intellegitur</strong></span> <span class='ocrx_word' id='word_1_134' title='bbox 959 1771 997 1831; x_wconf 86' lang='lat' dir='ltr'><strong>ut</strong></span> <span class='ocrx_word' id='word_1_135' title='bbox 1017 1769 1118 1832; x_wconf 61' lang='lat' dir='ltr'><strong>edom</strong></span> <span class='ocrx_word' id='word_1_136' title='bbox 1138 1768 1261 1832; x_wconf 75' lang='lat' dir='ltr'><strong>indocte</strong></span> <span class='ocrx_word' id='word_1_137' title='bbox 1282 1770 1332 1833; x_wconf 78' lang='lat' dir='ltr'><strong>irr-</strong></span> 
     </span>
     <span class='ocr_line' id='line_1_19' title="bbox 305 1850 1334 1935; baseline -0.002 -19"><span class='ocrx_word' id='word_1_138' title='bbox 305 1855 454 1934; x_wconf 79' lang='lat' dir='ltr'><strong>sipieater</strong></span> <span class='ocrx_word' id='word_1_139' title='bbox 483 1855 586 1933; x_wconf 79' lang='lat' dir='ltr'><strong>inepte</strong></span> <span class='ocrx_word' id='word_1_140' title='bbox 613 1852 777 1934; x_wconf 80' lang='lat' dir='ltr'><strong>reprobate</strong></span> <span class='ocrx_word' id='word_1_141' title='bbox 806 1871 957 1932; x_wconf 78' lang='lat' dir='ltr'><strong>appense:</strong></span> <span class='ocrx_word' id='word_1_142' title='bbox 989 1850 1146 1931; x_wconf 89' lang='lat' dir='ltr'><strong>secunda,</strong></span> <span class='ocrx_word' id='word_1_143' title='bbox 1182 1872 1266 1935; x_wconf 90' lang='lat' dir='ltr'><strong>quae</strong></span> <span class='ocrx_word' id='word_1_144' title='bbox 1298 1852 1334 1914; x_wconf 92' lang='lat' dir='ltr'><strong>in</strong></span> 
     </span>
     <span class='ocr_line' id='line_1_20' title="bbox 307 1934 1334 2016; baseline 0 -18"><span class='ocrx_word' id='word_1_145' title='bbox 307 1938 469 2000; x_wconf 89' lang='lat' dir='ltr'><strong>aduerbiis</strong></span> <span class='ocrx_word' id='word_1_146' title='bbox 491 1936 649 2000; x_wconf 82' lang='lat' dir='ltr'><strong>localibus</strong></span> <span class='ocrx_word' id='word_1_147' title='bbox 673 1935 876 1998; x_wconf 87' lang='lat' dir='ltr'><strong>subiunctiue</strong></span> <span class='ocrx_word' id='word_1_148' title='bbox 892 1937 1045 2016; x_wconf 82' lang='lat' dir='ltr'><strong>ponatur3</strong></span> <span class='ocrx_word' id='word_1_149' title='bbox 1069 1935 1159 1997; x_wconf 91' lang='lat' dir='ltr'><strong>cuius</strong></span> <span class='ocrx_word' id='word_1_150' title='bbox 1174 1934 1222 1998; x_wconf 90' lang='lat' dir='ltr'><strong>rei</strong></span> <span class='ocrx_word' id='word_1_151' title='bbox 1237 1955 1334 2000; x_wconf 87' lang='lat' dir='ltr'><strong>causa</strong></span> 
     </span>
    </p>

    <p class='ocr_par' dir='ltr' id='par_1_7' title="bbox 268 2017 1335 2417">
     <span class='ocr_line' id='line_1_21' title="bbox 268 2017 1334 2101; baseline 0 -21"><span class='ocrx_word' id='word_1_152' title='bbox 268 2041 293 2080; x_wconf 84' lang='lat' dir='ltr'><strong>ro</strong></span> <span class='ocrx_word' id='word_1_153' title='bbox 307 2020 386 2101; x_wconf 88' lang='lat' dir='ltr'><strong>erit,</strong></span> <span class='ocrx_word' id='word_1_154' title='bbox 415 2041 489 2084; x_wconf 90' lang='lat' dir='ltr'><strong>cum</strong></span> <span class='ocrx_word' id='word_1_155' title='bbox 517 2019 604 2082; x_wconf 89' lang='lat' dir='ltr'><strong>aliud</strong></span> <span class='ocrx_word' id='word_1_156' title='bbox 633 2018 736 2084; x_wconf 86' lang='lat' dir='ltr'><strong>locale</strong></span> <span class='ocrx_word' id='word_1_157' title='bbox 763 2018 950 2082; x_wconf 86' lang='lat' dir='ltr'><strong>aduerbium</strong></span> <span class='ocrx_word' id='word_1_158' title='bbox 978 2019 1012 2081; x_wconf 91' lang='lat' dir='ltr'><strong>in</strong></span> <span class='ocrx_word' id='word_1_159' title='bbox 1035 2039 1235 2100; x_wconf 88' lang='lat' dir='ltr'><strong>quacumque</strong></span> <span class='ocrx_word' id='word_1_160' title='bbox 1258 2017 1334 2082; x_wconf 88' lang='lat' dir='ltr'><strong>sori·</strong></span> 
     </span>
     <span class='ocr_line' id='line_1_22' title="bbox 307 2101 1334 2184; baseline -0.001 -19"><span class='ocrx_word' id='word_1_161' title='bbox 307 2103 419 2184; x_wconf 90' lang='lat' dir='ltr'><strong>ptione</strong></span> <span class='ocrx_word' id='word_1_162' title='bbox 441 2103 661 2184; x_wconf 86' lang='lat' dir='ltr'><strong>praecesserit.</strong></span> <span class='ocrx_word' id='word_1_163' title='bbox 699 2104 780 2165; x_wconf 90' lang='lat' dir='ltr'><strong>tunc</strong></span> <span class='ocrx_word' id='word_1_164' title='bbox 802 2101 884 2163; x_wconf 90' lang='lat' dir='ltr'><strong>dicis</strong></span> <span class='ocrx_word' id='word_1_165' title='bbox 906 2101 1035 2182; x_wconf 82' lang='lat' dir='ltr'><strong>ibidem,</strong></span> <span class='ocrx_word' id='word_1_166' title='bbox 1060 2101 1144 2164; x_wconf 88' lang='lat' dir='ltr'><strong>siout</strong></span> <span class='ocrx_word' id='word_1_167' title='bbox 1166 2103 1264 2165; x_wconf 85' lang='lat' dir='ltr'><strong>etiam</strong></span> <span class='ocrx_word' id='word_1_168' title='bbox 1279 2101 1334 2164; x_wconf 92' lang='lat' dir='ltr'><strong>hic</strong></span> 
     </span>
     <span class='ocr_line' id='line_1_23' title="bbox 307 2183 1333 2269; baseline -0.002 -21"><span class='ocrx_word' id='word_1_169' title='bbox 307 2206 377 2248; x_wconf 90' lang='lat' dir='ltr'><strong>mos</strong></span> <span class='ocrx_word' id='word_1_170' title='bbox 392 2187 426 2250; x_wconf 91' lang='lat' dir='ltr'><strong>in</strong></span> <span class='ocrx_word' id='word_1_171' title='bbox 442 2185 688 2269; x_wconf 89' lang='lat' dir='ltr'><strong>pronominibus</strong></span> <span class='ocrx_word' id='word_1_172' title='bbox 704 2184 871 2266; x_wconf 91' lang='lat' dir='ltr'><strong>sepissime</strong></span> <span class='ocrx_word' id='word_1_173' title='bbox 885 2184 1064 2266; x_wconf 82' lang='lat' dir='ltr'><strong>inuenitur,</strong></span> <span class='ocrx_word' id='word_1_174' title='bbox 1087 2183 1216 2267; x_wconf 87' lang='lat' dir='ltr'><strong>quando</strong></span> <span class='ocrx_word' id='word_1_175' title='bbox 1231 2184 1333 2248; x_wconf 89' lang='lat' dir='ltr'><strong>cuius·</strong></span> 
     </span>
     <span class='ocr_line' id='line_1_24' title="bbox 308 2268 1335 2352; baseline 0 -21"><span class='ocrx_word' id='word_1_176' title='bbox 308 2269 387 2332; x_wconf 90' lang='lat' dir='ltr'><strong>libet</strong></span> <span class='ocrx_word' id='word_1_177' title='bbox 409 2289 548 2352; x_wconf 89' lang='lat' dir='ltr'><strong>persona</strong></span> <span class='ocrx_word' id='word_1_178' title='bbox 570 2272 647 2331; x_wconf 90' lang='lat' dir='ltr'><strong>ante</strong></span> <span class='ocrx_word' id='word_1_179' title='bbox 669 2268 797 2351; x_wconf 86' lang='lat' dir='ltr'><strong>prolata</strong></span> <span class='ocrx_word' id='word_1_180' title='bbox 817 2288 965 2330; x_wconf 89' lang='lat' dir='ltr'><strong>sermone</strong></span> <span class='ocrx_word' id='word_1_181' title='bbox 979 2271 1193 2350; x_wconf 87' lang='lat' dir='ltr'><strong>prosequente</strong></span> <span class='ocrx_word' id='word_1_182' title='bbox 1209 2268 1335 2331; x_wconf 89' lang='lat' dir='ltr'><strong>dicatur</strong></span> 
     </span>
     <span class='ocr_line' id='line_1_25' title="bbox 308 2350 1334 2417; baseline -0.001 -3"><span class='ocrx_word' id='word_1_183' title='bbox 308 2352 391 2415; x_wconf 83' lang='lat' dir='ltr'><strong>idem</strong></span> <span class='ocrx_word' id='word_1_184' title='bbox 417 2352 471 2416; x_wconf 87' lang='lat' dir='ltr'><strong>uel</strong></span> <span class='ocrx_word' id='word_1_185' title='bbox 499 2353 618 2417; x_wconf 84' lang='lat' dir='ltr'><strong>eodem.</strong></span> <span class='ocrx_word' id='word_1_186' title='bbox 657 2355 707 2415; x_wconf 87' lang='lat' dir='ltr'><strong>est</strong></span> <span class='ocrx_word' id='word_1_187' title='bbox 729 2353 826 2414; x_wconf 87' lang='lat' dir='ltr'><strong>etiem</strong></span> <span class='ocrx_word' id='word_1_188' title='bbox 849 2350 1035 2413; x_wconf 88' lang='lat' dir='ltr'><strong>aduerbium</strong></span> <span class='ocrx_word' id='word_1_189' title='bbox 1064 2351 1201 2414; x_wconf 86' lang='lat' dir='ltr'><strong>ablatiui</strong></span> <span class='ocrx_word' id='word_1_190' title='bbox 1225 2371 1334 2415; x_wconf 89' lang='lat' dir='ltr'><strong>cassus</strong></span> 
     </span>
    </p>

    <p class='ocr_par' dir='ltr' id='par_1_8' title="bbox 270 2433 1337 2850">
     <span class='ocr_line' id='line_1_26' title="bbox 270 2433 1332 2516; baseline 0.003 -20"><span class='ocrx_word' id='word_1_191' title='bbox 270 2449 295 2488; x_wconf 76' lang='lat'><strong>25</strong></span> <span class='ocrx_word' id='word_1_192' title='bbox 310 2433 542 2516; x_wconf 80' lang='lat' dir='ltr'><strong>pronominalis</strong></span> <span class='ocrx_word' id='word_1_193' title='bbox 565 2435 671 2498; x_wconf 89' lang='lat' dir='ltr'><strong>simile</strong></span> <span class='ocrx_word' id='word_1_194' title='bbox 693 2438 730 2498; x_wconf 91' lang='lat' dir='ltr'><strong>ut</strong></span> <span class='ocrx_word' id='word_1_195' title='bbox 750 2434 822 2499; x_wconf 78' lang='lat' dir='ltr'><strong>illo:</strong></span> <span class='ocrx_word' id='word_1_196' title='bbox 844 2455 920 2497; x_wconf 88' lang='lat' dir='ltr'><strong>nam</strong></span> <span class='ocrx_word' id='word_1_197' title='bbox 942 2454 1016 2516; x_wconf 89' lang='lat' dir='ltr'><strong>sepe</strong></span> <span class='ocrx_word' id='word_1_198' title='bbox 1038 2434 1174 2497; x_wconf 86' lang='lat' dir='ltr'><strong>dicimus</strong></span> <span class='ocrx_word' id='word_1_199' title='bbox 1197 2435 1252 2499; x_wconf 81' lang='lat' dir='ltr'><strong>illo</strong></span> <span class='ocrx_word' id='word_1_200' title='bbox 1268 2436 1332 2498; x_wconf 77' lang='lat' dir='ltr'><strong>exi·</strong></span> 
     </span>
     <span class='ocr_line' id='line_1_27' title="bbox 308 2517 1335 2599; baseline 0 -17"><span class='ocrx_word' id='word_1_201' title='bbox 308 2520 424 2597; x_wconf 81' lang='lat' dir='ltr'><strong>bimus,</strong></span> <span class='ocrx_word' id='word_1_202' title='bbox 459 2518 521 2583; x_wconf 90' lang='lat' dir='ltr'><strong>hoo</strong></span> <span class='ocrx_word' id='word_1_203' title='bbox 556 2522 606 2582; x_wconf 89' lang='lat' dir='ltr'><strong>est</strong></span> <span class='ocrx_word' id='word_1_204' title='bbox 632 2519 718 2584; x_wconf 78' lang='lat' dir='ltr'><strong>illuc.</strong></span> <span class='ocrx_word' id='word_1_205' title='bbox 762 2517 807 2581; x_wconf 87' lang='lat' dir='ltr'><strong>sic</strong></span> <span class='ocrx_word' id='word_1_206' title='bbox 836 2523 869 2582; x_wconf 92' lang='lat' dir='ltr'><strong>et</strong></span> <span class='ocrx_word' id='word_1_207' title='bbox 895 2537 971 2598; x_wconf 79' lang='lat' dir='ltr'><strong>quc,</strong></span> <span class='ocrx_word' id='word_1_208' title='bbox 1006 2538 1078 2580; x_wconf 92' lang='lat' dir='ltr'><strong>cum</strong></span> <span class='ocrx_word' id='word_1_209' title='bbox 1108 2517 1244 2582; x_wconf 86' lang='lat' dir='ltr'><strong>dicimus</strong></span> <span class='ocrx_word' id='word_1_210' title='bbox 1273 2536 1335 2599; x_wconf 79' lang='lat' dir='ltr'><strong>quo</strong></span> 
     </span>
     <span class='ocr_line' id='line_1_28' title="bbox 308 2601 1337 2684; baseline -0.001 -18"><span class='ocrx_word' id='word_1_211' title='bbox 308 2604 441 2666; x_wconf 75' lang='lat' dir='ltr'><strong>oodoni.</strong></span> <span class='ocrx_word' id='word_1_212' title='bbox 480 2601 536 2666; x_wconf 90' lang='lat' dir='ltr'><strong>sed</strong></span> <span class='ocrx_word' id='word_1_213' title='bbox 557 2602 638 2666; x_wconf 86' lang='lat' dir='ltr'><strong>haec</strong></span> <span class='ocrx_word' id='word_1_214' title='bbox 660 2602 814 2666; x_wconf 88' lang='lat' dir='ltr'><strong>aduerbia</strong></span> <span class='ocrx_word' id='word_1_215' title='bbox 836 2601 967 2665; x_wconf 84' lang='lat' dir='ltr'><strong>mobilia</strong></span> <span class='ocrx_word' id='word_1_216' title='bbox 989 2622 1115 2684; x_wconf 88' lang='lat' dir='ltr'><strong>semper</strong></span> <span class='ocrx_word' id='word_1_217' title='bbox 1135 2606 1223 2666; x_wconf 87' lang='lat' dir='ltr'><strong>sunt.</strong></span> <span class='ocrx_word' id='word_1_218' title='bbox 1260 2603 1337 2684; x_wconf 87' lang='lat' dir='ltr'><strong>quia</strong></span> 
     </span>
     <span class='ocr_line' id='line_1_29' title="bbox 309 2685 1335 2769; baseline 0.001 -22"><span class='ocrx_word' id='word_1_219' title='bbox 309 2690 416 2748; x_wconf 89' lang='lat' dir='ltr'><strong>autem</strong></span> <span class='ocrx_word' id='word_1_220' title='bbox 431 2685 495 2748; x_wconf 91' lang='lat' dir='ltr'><strong>hiis</strong></span> <span class='ocrx_word' id='word_1_221' title='bbox 510 2686 606 2749; x_wconf 90' lang='lat' dir='ltr'><strong>dictis</strong></span> <span class='ocrx_word' id='word_1_222' title='bbox 622 2707 719 2769; x_wconf 88' lang='lat' dir='ltr'><strong>supra</strong></span> <span class='ocrx_word' id='word_1_223' title='bbox 734 2690 930 2749; x_wconf 89' lang='lat' dir='ltr'><strong>memoratus</strong></span> <span class='ocrx_word' id='word_1_224' title='bbox 947 2687 1102 2748; x_wconf 89' lang='lat' dir='ltr'><strong>Aeneas</strong></span> <span class='ocrx_word' id='word_1_225' title='bbox 1118 2706 1211 2748; x_wconf 88' lang='lat' dir='ltr'><strong>suum</strong></span> <span class='ocrx_word' id='word_1_226' title='bbox 1226 2685 1335 2748; x_wconf 90' lang='lat' dir='ltr'><strong>finiuit</strong></span> 
     </span>
     <span class='ocr_line' id='line_1_30' title="bbox 310 2767 1333 2850; baseline 0.002 -21"><span class='ocrx_word' id='word_1_227' title='bbox 310 2789 504 2845; x_wconf 88' lang='lat' dir='ltr'><strong>sermonem,</strong></span> <span class='ocrx_word' id='word_1_228' title='bbox 534 2768 614 2832; x_wconf 91' lang='lat' dir='ltr'><strong>mihi</strong></span> <span class='ocrx_word' id='word_1_229' title='bbox 645 2790 772 2850; x_wconf 91' lang='lat' dir='ltr'><strong>quoque</strong></span> <span class='ocrx_word' id='word_1_230' title='bbox 803 2770 888 2832; x_wconf 88' lang='lat' dir='ltr'><strong>hanc</strong></span> <span class='ocrx_word' id='word_1_231' title='bbox 910 2767 1076 2850; x_wconf 89' lang='lat' dir='ltr'><strong>epistolam</strong></span> <span class='ocrx_word' id='word_1_232' title='bbox 1101 2769 1257 2833; x_wconf 89' lang='lat' dir='ltr'><strong>scribenti</strong></span> <span class='ocrx_word' id='word_1_233' title='bbox 1280 2769 1333 2831; x_wconf 92' lang='lat' dir='ltr'><strong>hic</strong></span> 
     </span>
    </p>

    <p class='ocr_par' dir='ltr' id='par_1_9' title="bbox 272 2852 740 2935">
     <span class='ocr_line' id='line_1_31' title="bbox 272 2852 740 2935; baseline 0.006 -22"><span class='ocrx_word' id='word_1_234' title='bbox 272 2852 466 2915; x_wconf 78' lang='lat' dir='ltr'><strong>oterminus</strong></span> <span class='ocrx_word' id='word_1_235' title='bbox 488 2853 657 2935; x_wconf 86' lang='lat' dir='ltr'><strong>ponendus</strong></span> <span class='ocrx_word' id='word_1_236' title='bbox 680 2858 740 2917; x_wconf 86' lang='lat' dir='ltr'><strong>est.</strong></span> 
     </span>
    </p>
   </div>
   <div class='ocr_carea' id='block_1_5' title="bbox 380 3082 1333 3203">
    <p class='ocr_par' dir='ltr' id='par_1_10' title="bbox 380 3082 1333 3203">
     <span class='ocr_line' id='line_1_32' title="bbox 380 3082 1333 3203; baseline 0.003 -68"><span class='ocrx_word' id='word_1_237' title='bbox 380 3090 392 3135; x_wconf 90' lang='lat'>1</span> <span class='ocrx_word' id='word_1_238' title='bbox 412 3082 542 3152; x_wconf 88' lang='lat' dir='ltr'><strong>adiectis]</strong></span> <span class='ocrx_word' id='word_1_239' title='bbox 564 3099 598 3136; x_wconf 85' lang='lat' dir='ltr'><strong>cx</strong></span> <span class='ocrx_word' id='word_1_240' title='bbox 616 3083 683 3140; x_wconf 86' lang='lat' dir='ltr'><strong>odd.</strong></span> <span class='ocrx_word' id='word_1_241' title='bbox 702 3083 767 3136; x_wconf 85' lang='lat' dir='ltr'><strong>Mai</strong></span> <span class='ocrx_word' id='word_1_242' title='bbox 779 3084 789 3150; x_wconf 85' lang='grc' dir='ltr'><strong>ΙΙ</strong></span> <span class='ocrx_word' id='word_1_243' title='bbox 802 3083 896 3138; x_wconf 78' lang='lat' dir='ltr'><strong>fortini</strong></span> <span class='ocrx_word' id='word_1_244' title='bbox 916 3086 995 3203; x_wconf 52' lang='lat' dir='ltr'><strong>qu2</strong></span> <span class='ocrx_word' id='word_1_245' title='bbox 1014 3087 1045 3137; x_wconf 90' lang='lat' dir='ltr'><strong>ut</strong></span> <span class='ocrx_word' id='word_1_246' title='bbox 1069 3085 1105 3138; x_wconf 87' lang='lat' dir='ltr'><strong>ad</strong></span> <span class='ocrx_word' id='word_1_247' title='bbox 1119 3083 1153 3138; x_wconf 91' lang='lat' dir='ltr'><em>N</em></span> <span class='ocrx_word' id='word_1_248' title='bbox 1161 3098 1230 3140; x_wconf 82' lang='lat' dir='ltr'><strong>corr.</strong></span> <span class='ocrx_word' id='word_1_249' title='bbox 1244 3084 1309 3138; x_wconf 83' lang='lat' dir='ltr'><strong>Mai</strong></span> <span class='ocrx_word' id='word_1_250' title='bbox 1320 3085 1333 3151; x_wconf 83' lang='lat' dir='ltr'><strong>ll</strong></span> 
     </span>
    </p>
   </div>
   <div class='ocr_carea' id='block_1_6' title="bbox 311 3148 1336 3220">
    <p class='ocr_par' dir='ltr' id='par_1_11' title="bbox 311 3148 1336 3220">
     <span class='ocr_line' id='line_1_33' title="bbox 311 3148 1336 3220; baseline 0.002 -18"><span class='ocrx_word' id='word_1_251' title='bbox 311 3156 326 3202; x_wconf 81' lang='lat' dir='ltr'>o</span> <span class='ocrx_word' id='word_1_252' title='bbox 344 3148 391 3202; x_wconf 81' lang='lat' dir='ltr'><strong>diri</strong></span> <span class='ocrx_word' id='word_1_253' title='bbox 410 3149 453 3215; x_wconf 84' lang='lat' dir='ltr'><strong>N,</strong></span> <span class='ocrx_word' id='word_1_254' title='bbox 472 3149 577 3203; x_wconf 87' lang='lat' dir='ltr'><strong>Donati</strong></span> <span class='ocrx_word' id='word_1_255' title='bbox 595 3151 665 3208; x_wconf 78' lang='lat' dir='ltr'><strong>coni.</strong></span> <span class='ocrx_word' id='word_1_256' title='bbox 678 3151 743 3204; x_wconf 80' lang='lat' dir='ltr'><strong>Mai</strong></span> <span class='ocrx_word' id='word_1_257' title='bbox 755 3153 765 3218; x_wconf 74' lang='grc' dir='ltr'><strong>ΙΙ</strong></span> <span class='ocrx_word' id='word_1_258' title='bbox 780 3157 809 3203; x_wconf 93' lang='grc'><strong>11</strong></span> <span class='ocrx_word' id='word_1_259' title='bbox 829 3151 944 3205; x_wconf 88' lang='lat' dir='ltr'><strong>brevien</strong></span> <span class='ocrx_word' id='word_1_260' title='bbox 965 3168 997 3205; x_wconf 93' lang='lat' dir='ltr'><strong>us</strong></span> <span class='ocrx_word' id='word_1_261' title='bbox 1057 3153 1112 3220; x_wconf 83' lang='grc'><strong>1113</strong></span> <span class='ocrx_word' id='word_1_262' title='bbox 1130 3150 1220 3220; x_wconf 87' lang='lat' dir='ltr'><strong>possit</strong></span> <span class='ocrx_word' id='word_1_263' title='bbox 1236 3151 1271 3205; x_wconf 90' lang='lat' dir='ltr'><em>N</em></span> <span class='ocrx_word' id='word_1_264' title='bbox 1279 3151 1289 3219; x_wconf 78' lang='grc' dir='ltr'><strong>ΙΙ</strong></span> <span class='ocrx_word' id='word_1_265' title='bbox 1304 3157 1336 3204; x_wconf 87' lang='grc'><strong>14</strong></span> 
     </span>
    </p>
   </div>
   <div class='ocr_carea' id='block_1_7' title="bbox 312 3220 1334 3354">
    <p class='ocr_par' dir='ltr' id='par_1_12' title="bbox 312 3220 1334 3354">
     <span class='ocr_line' id='line_1_34' title="bbox 312 3220 1334 3354; baseline 0.004 -71"><span class='ocrx_word' id='word_1_266' title='bbox 312 3233 375 3298; x_wconf 87' lang='lat' dir='ltr'><strong>quit</strong></span> <span class='ocrx_word' id='word_1_267' title='bbox 385 3231 419 3286; x_wconf 91' lang='lat' dir='ltr'><em>N</em></span> <span class='ocrx_word' id='word_1_268' title='bbox 427 3234 437 3300; x_wconf 85' lang='grc' dir='ltr'><strong>ΙΙ</strong></span> <span class='ocrx_word' id='word_1_269' title='bbox 451 3239 482 3286; x_wconf 81' lang='grc'><strong>17</strong></span> <span class='ocrx_word' id='word_1_270' title='bbox 502 3233 602 3304; x_wconf 73' lang='lat' dir='ltr'><strong>edocte</strong></span> <span class='ocrx_word' id='word_1_271' title='bbox 615 3232 669 3353; x_wconf 50' lang='lat' dir='ltr'><strong>Np</strong></span> <span class='ocrx_word' id='word_1_272' title='bbox 681 3240 714 3287; x_wconf 80' lang='lat'><strong>25</strong></span> <span class='ocrx_word' id='word_1_273' title='bbox 729 3235 892 3301; x_wconf 86' lang='lat' dir='ltr'><strong>prominalis</strong></span> <span class='ocrx_word' id='word_1_274' title='bbox 903 3235 938 3288; x_wconf 89' lang='lat' dir='ltr'><em>N</em></span> <span class='ocrx_word' id='word_1_275' title='bbox 945 3249 1013 3292; x_wconf 77' lang='lat' dir='ltr'><strong>corr.</strong></span> <span class='ocrx_word' id='word_1_276' title='bbox 1027 3235 1091 3289; x_wconf 77' lang='lat' dir='ltr'><strong>Mai</strong></span> <span class='ocrx_word' id='word_1_277' title='bbox 1102 3220 1188 3354; x_wconf 35' lang='grc' dir='ltr'><strong>ΕΔΜ</strong></span> <span class='ocrx_word' id='word_1_278' title='bbox 1205 3251 1261 3301; x_wconf 90' lang='lat' dir='ltr'><strong>quo</strong></span> <span class='ocrx_word' id='word_1_279' title='bbox 1280 3233 1314 3287; x_wconf 97' lang='lat' dir='ltr'><em>N</em></span> <span class='ocrx_word' id='word_1_280' title='bbox 1320 3233 1334 3303; x_wconf 79' lang='grc' dir='ltr'><strong>ΙΙ</strong></span> 
     </span>
    </p>
   </div>
   <div class='ocr_carea' id='block_1_8' title="bbox 312 3293 1220 3367">
    <p class='ocr_par' dir='ltr' id='par_1_13' title="bbox 312 3293 1220 3367">
     <span class='ocr_line' id='line_1_35' title="bbox 312 3293 1220 3367; baseline 0.006 -18"><span class='ocrx_word' id='word_1_281' title='bbox 312 3303 344 3350; x_wconf 77' lang='lat' dir='ltr'><strong>ao</strong></span> <span class='ocrx_word' id='word_1_282' title='bbox 363 3299 513 3365; x_wconf 80' lang='lat' dir='ltr'><strong>epistulam</strong></span> <span class='ocrx_word' id='word_1_283' title='bbox 532 3300 584 3367; x_wconf 77' lang='grc' dir='ltr'><strong>Νιι</strong></span> <span class='ocrx_word' id='word_1_284' title='bbox 597 3299 647 3353; x_wconf 83' lang='lat' dir='ltr'><strong>ex</strong></span> <span class='ocrx_word' id='word_1_285' title='bbox 670 3299 766 3354; x_wconf 80' lang='lat' dir='ltr'><strong>mou</strong></span> <span class='ocrx_word' id='word_1_286' title='bbox 785 3300 936 3366; x_wconf 76' lang='lat' dir='ltr'><strong>oolam</strong></span> <span class='ocrx_word' id='word_1_287' title='bbox 954 3300 1003 3354; x_wconf 85' lang='lat' dir='ltr'><strong>oa</strong></span> <span class='ocrx_word' id='word_1_288' title='bbox 1021 3301 1099 3355; x_wconf 79' lang='lat' dir='ltr'><strong>lov</strong></span> <span class='ocrx_word' id='word_1_289' title='bbox 1125 3293 1220 3355; x_wconf 80' lang='lat' dir='ltr'><strong>nelo.</strong></span> 
     </span>
    </p>
   </div>
   <div class='ocr_carea' id='block_1_9' title="bbox 0 0 1621 4162">
    <p class='ocr_par' dir='ltr' id='par_1_14' title="bbox 0 0 1621 4162">
     <span class='ocr_line' id='line_1_36' title="bbox 0 0 1621 4162; baseline 0 0"><span class='ocrx_word' id='word_1_290' title='bbox 0 0 1621 4162; x_wconf 95' lang='lat' dir='ltr'><strong> </strong></span> 
     </span>
    </p>
   </div>
  </div>
 </body>
</html>
