<?xml version="1.0" encoding="UTF-8"?>
<!DOCTYPE html PUBLIC "-//W3C//DTD XHTML 1.0 Transitional//EN"
    "http://www.w3.org/TR/xhtml1/DTD/xhtml1-transitional.dtd">
<html xmlns="http://www.w3.org/1999/xhtml" xml:lang="en" lang="en">
 <head>
  <title>
</title>
<meta http-equiv="Content-Type" content="text/html;charset=utf-8" />
  <meta name='ocr-system' content='tesseract 3.04.00' />
  <meta name='ocr-capabilities' content='ocr_page ocr_carea ocr_par ocr_line ocrx_word'/>
</head>
<body>
  <div class='ocr_page' id='page_1' title='image "./opera02virggoog_0136.png"; bbox 0 0 3210 4162; ppageno 0'>
   <div class='ocr_carea' id='block_1_1' title="bbox 719 302 1365 369">
    <p class='ocr_par' dir='ltr' id='par_1_1' title="bbox 719 302 1365 369">
     <span class='ocr_line' id='line_1_1' title="bbox 719 302 1365 369; baseline -0.006 -11"><span class='ocrx_word' id='word_1_1' title='bbox 719 304 740 358; x_wconf 89' lang='lat' dir='ltr'>l.</span> <span class='ocrx_word' id='word_1_2' title='bbox 769 302 818 357; x_wconf 83' lang='lat' dir='ltr'>DE</span> <span class='ocrx_word' id='word_1_3' title='bbox 836 302 989 359; x_wconf 80' lang='lat' dir='ltr'>NOMINE.</span> <span class='ocrx_word' id='word_1_4' title='bbox 1308 306 1365 369; x_wconf 87' lang='lat'>11]</span> 
     </span>
    </p>
   </div>
   <div class='ocr_carea' id='block_1_2' title="bbox 331 454 1408 2796">
    <p class='ocr_par' dir='ltr' id='par_1_2' title="bbox 331 454 1408 2796">
     <span class='ocr_line' id='line_1_2' title="bbox 336 454 1369 541; baseline 0.004 -23"><span class='ocrx_word' id='word_1_5' title='bbox 336 476 355 517; x_wconf 90' lang='lat' dir='ltr'>a</span> <span class='ocrx_word' id='word_1_6' title='bbox 378 455 491 539; x_wconf 81' lang='lat' dir='ltr'>gnaris</span> <span class='ocrx_word' id='word_1_7' title='bbox 513 459 547 519; x_wconf 91' lang='lat' dir='ltr'>et</span> <span class='ocrx_word' id='word_1_8' title='bbox 569 455 784 541; x_wconf 75' lang='lat' dir='ltr'><strong>prudentibus</strong></span> <span class='ocrx_word' id='word_1_9' title='bbox 806 455 997 538; x_wconf 89' lang='lat' dir='ltr'>filosophiae</span> <span class='ocrx_word' id='word_1_10' title='bbox 1020 454 1198 520; x_wconf 90' lang='lat' dir='ltr'>artificibus</span> <span class='ocrx_word' id='word_1_11' title='bbox 1221 458 1369 540; x_wconf 86' lang='lat' dir='ltr'>apposita</span> 
     </span>
     <span class='ocr_line' id='line_1_3' title="bbox 336 538 1368 624; baseline 0.002 -22"><span class='ocrx_word' id='word_1_12' title='bbox 336 545 431 620; x_wconf 85' lang='lat' dir='ltr'>sunt,</span> <span class='ocrx_word' id='word_1_13' title='bbox 454 543 491 602; x_wconf 90' lang='lat' dir='ltr'>ut</span> <span class='ocrx_word' id='word_1_14' title='bbox 513 539 572 603; x_wconf 88' lang='lat' dir='ltr'>sub</span> <span class='ocrx_word' id='word_1_15' title='bbox 595 539 646 602; x_wconf 91' lang='lat' dir='ltr'>his</span> <span class='ocrx_word' id='word_1_16' title='bbox 668 539 856 604; x_wconf 89' lang='lat' dir='ltr'>nominibus</span> <span class='ocrx_word' id='word_1_17' title='bbox 878 560 1035 624; x_wconf 82' lang='lat' dir='ltr'>generum</span> <span class='ocrx_word' id='word_1_18' title='bbox 1059 538 1215 603; x_wconf 88' lang='lat' dir='ltr'>discretus</span> <span class='ocrx_word' id='word_1_19' title='bbox 1239 541 1368 624; x_wconf 86' lang='lat' dir='ltr'>quidam</span> 
     </span>
     <span class='ocr_line' id='line_1_4' title="bbox 337 622 1367 707; baseline 0.003 -22"><span class='ocrx_word' id='word_1_20' title='bbox 337 623 416 686; x_wconf 90' lang='lat' dir='ltr'>ordo</span> <span class='ocrx_word' id='word_1_21' title='bbox 441 622 602 687; x_wconf 90' lang='lat' dir='ltr'>dictorum</span> <span class='ocrx_word' id='word_1_22' title='bbox 626 624 926 707; x_wconf 78' lang='lat' dir='ltr'>sententiarumque</span> <span class='ocrx_word' id='word_1_23' title='bbox 949 622 1086 687; x_wconf 81' lang='lat' dir='ltr'>describi</span> <span class='ocrx_word' id='word_1_24' title='bbox 1108 622 1237 687; x_wconf 80' lang='lat' dir='ltr'>facilius</span> <span class='ocrx_word' id='word_1_25' title='bbox 1251 626 1367 706; x_wconf 80' lang='lat' dir='ltr'>possit.</span> 
     </span>
     <span class='ocr_line' id='line_1_5' title="bbox 424 705 1365 794; baseline 0.003 -24"><span class='ocrx_word' id='word_1_26' title='bbox 424 705 485 771; x_wconf 85' lang='lat' dir='ltr'>Sed</span> <span class='ocrx_word' id='word_1_27' title='bbox 509 707 641 791; x_wconf 88' lang='lat' dir='ltr'>quiade</span> <span class='ocrx_word' id='word_1_28' title='bbox 662 707 869 772; x_wconf 87' lang='lat' dir='ltr'>nominatiuo</span> <span class='ocrx_word' id='word_1_29' title='bbox 893 728 984 771; x_wconf 89' lang='lat' dir='ltr'>cassu</span> <span class='ocrx_word' id='word_1_30' title='bbox 1008 706 1114 770; x_wconf 81' lang='lat' dir='ltr'>dicere</span> <span class='ocrx_word' id='word_1_31' title='bbox 1137 706 1365 794; x_wconf 83' lang='lat' dir='ltr'>disposuimus,</span> 
     </span>
     <span class='ocr_line' id='line_1_6' title="bbox 335 791 1408 874; baseline 0 -21"><span class='ocrx_word' id='word_1_32' title='bbox 335 792 483 872; x_wconf 83' lang='lat' dir='ltr'>quaestio</span> <span class='ocrx_word' id='word_1_33' title='bbox 510 791 607 856; x_wconf 90' lang='lat' dir='ltr'>nobis</span> <span class='ocrx_word' id='word_1_34' title='bbox 629 793 805 874; x_wconf 83' lang='lat' dir='ltr'>ingeritur,</span> <span class='ocrx_word' id='word_1_35' title='bbox 833 812 892 855; x_wconf 91' lang='lat' dir='ltr'>cur</span> <span class='ocrx_word' id='word_1_36' title='bbox 915 792 971 854; x_wconf 93' lang='lat' dir='ltr'>uni</span> <span class='ocrx_word' id='word_1_37' title='bbox 995 791 1123 854; x_wconf 91' lang='lat' dir='ltr'>nomini</span> <span class='ocrx_word' id='word_1_38' title='bbox 1145 793 1366 857; x_wconf 88' lang='lat' dir='ltr'>nominatiuus</span> <span class='ocrx_word' id='word_1_39' title='bbox 1394 812 1408 853; x_wconf 86' lang='grc'>1</span> 
     </span>
     <span class='ocr_line' id='line_1_7' title="bbox 336 874 1366 958; baseline 0.004 -22"><span class='ocrx_word' id='word_1_40' title='bbox 336 874 510 957; x_wconf 85' lang='lat' dir='ltr'>singularis</span> <span class='ocrx_word' id='word_1_41' title='bbox 539 896 647 940; x_wconf 85' lang='lat' dir='ltr'>cassus</span> <span class='ocrx_word' id='word_1_42' title='bbox 675 876 878 958; x_wconf 88' lang='lat' dir='ltr'>repperiatur</span> <span class='ocrx_word' id='word_1_43' title='bbox 906 874 1041 958; x_wconf 87' lang='lat' dir='ltr'>duplex,</span> <span class='ocrx_word' id='word_1_44' title='bbox 1072 895 1145 939; x_wconf 90' lang='lat' dir='ltr'>cum</span> <span class='ocrx_word' id='word_1_45' title='bbox 1168 896 1226 958; x_wconf 87' lang='lat' dir='ltr'>per</span> <span class='ocrx_word' id='word_1_46' title='bbox 1255 897 1366 940; x_wconf 85' lang='lat' dir='ltr'>omnes</span> 
     </span>
     <span class='ocr_line' id='line_1_8' title="bbox 335 956 1367 1042; baseline 0.004 -21"><span class='ocrx_word' id='word_1_47' title='bbox 335 977 447 1022; x_wconf 88' lang='lat' dir='ltr'>cassus</span> <span class='ocrx_word' id='word_1_48' title='bbox 469 979 535 1021; x_wconf 89' lang='lat' dir='ltr'>una</span> <span class='ocrx_word' id='word_1_49' title='bbox 557 956 733 1042; x_wconf 86' lang='lat' dir='ltr'>eademque</span> <span class='ocrx_word' id='word_1_50' title='bbox 749 959 793 1022; x_wconf 91' lang='lat' dir='ltr'>sit</span> <span class='ocrx_word' id='word_1_51' title='bbox 807 957 980 1022; x_wconf 85' lang='lat' dir='ltr'>declinatio</span> <span class='ocrx_word' id='word_1_52' title='bbox 999 960 1036 1021; x_wconf 90' lang='lat' dir='ltr'>ut</span> <span class='ocrx_word' id='word_1_53' title='bbox 1050 957 1186 1022; x_wconf 88' lang='lat' dir='ltr'>dicimus</span> <span class='ocrx_word' id='word_1_54' title='bbox 1201 978 1271 1041; x_wconf 80' lang='lat' dir='ltr'>sepe</span> <span class='ocrx_word' id='word_1_55' title='bbox 1284 962 1367 1042; x_wconf 80' lang='lat' dir='ltr'>sepis</span> 
     </span>
     <span class='ocr_line' id='line_1_9' title="bbox 336 1041 1366 1125; baseline 0.006 -22"><span class='ocrx_word' id='word_1_56' title='bbox 336 1045 369 1104; x_wconf 91' lang='grc'>11</span> <span class='ocrx_word' id='word_1_57' title='bbox 389 1061 459 1124; x_wconf 85' lang='lat' dir='ltr'>seps</span> <span class='ocrx_word' id='word_1_58' title='bbox 480 1044 576 1124; x_wconf 82' lang='lat' dir='ltr'>sepis,</span> <span class='ocrx_word' id='word_1_59' title='bbox 602 1042 694 1108; x_wconf 82' lang='lat' dir='ltr'>Oetes</span> <span class='ocrx_word' id='word_1_60' title='bbox 717 1041 833 1108; x_wconf 73' lang='lat' dir='ltr'>(letitia</span> <span class='ocrx_word' id='word_1_61' title='bbox 855 1042 1172 1120; x_wconf 79' lang='grc'><strong>110111101111111,</strong></span> <span class='ocrx_word' id='word_1_62' title='bbox 1195 1043 1274 1106; x_wconf 87' lang='lat' dir='ltr'>item</span> <span class='ocrx_word' id='word_1_63' title='bbox 1294 1064 1366 1125; x_wconf 78' lang='lat' dir='ltr'>pre·</span> 
     </span>
     <span class='ocr_line' id='line_1_10' title="bbox 335 1127 1364 1209; baseline 0.003 -21"><span class='ocrx_word' id='word_1_64' title='bbox 335 1144 383 1189; x_wconf 84' lang='lat' dir='ltr'>ces</span> <span class='ocrx_word' id='word_1_65' title='bbox 399 1128 520 1209; x_wconf 80' lang='lat' dir='ltr'>precis,</span> <span class='ocrx_word' id='word_1_66' title='bbox 537 1146 621 1208; x_wconf 81' lang='lat' dir='ltr'>pren</span> <span class='ocrx_word' id='word_1_67' title='bbox 630 1128 752 1208; x_wconf 76' lang='lat' dir='ltr'>precis,</span> <span class='ocrx_word' id='word_1_68' title='bbox 775 1127 860 1190; x_wconf 84' lang='lat' dir='ltr'>sedes</span> <span class='ocrx_word' id='word_1_69' title='bbox 880 1127 963 1191; x_wconf 88' lang='lat' dir='ltr'>sedis</span> <span class='ocrx_word' id='word_1_70' title='bbox 985 1128 1019 1190; x_wconf 89' lang='lat' dir='ltr'>et</span> <span class='ocrx_word' id='word_1_71' title='bbox 1037 1145 1085 1190; x_wconf 86' lang='lat' dir='ltr'>ses</span> <span class='ocrx_word' id='word_1_72' title='bbox 1102 1128 1186 1191; x_wconf 84' lang='lat' dir='ltr'>sedis</span> <span class='ocrx_word' id='word_1_73' title='bbox 1201 1131 1234 1191; x_wconf 89' lang='lat' dir='ltr'>et</span> <span class='ocrx_word' id='word_1_74' title='bbox 1249 1131 1364 1191; x_wconf 85' lang='lat' dir='ltr'>cetera.</span> 
     </span>
     <span class='ocr_line' id='line_1_11' title="bbox 335 1208 1402 1293; baseline 0.001 -22"><span class='ocrx_word' id='word_1_75' title='bbox 335 1208 398 1273; x_wconf 90' lang='lat' dir='ltr'>hoc</span> <span class='ocrx_word' id='word_1_76' title='bbox 420 1210 559 1273; x_wconf 84' lang='lat' dir='ltr'>maxime</span> <span class='ocrx_word' id='word_1_77' title='bbox 581 1213 716 1293; x_wconf 91' lang='lat' dir='ltr'>propter</span> <span class='ocrx_word' id='word_1_78' title='bbox 737 1213 914 1273; x_wconf 86' lang='lat' dir='ltr'>metrorum</span> <span class='ocrx_word' id='word_1_79' title='bbox 939 1210 1165 1273; x_wconf 87' lang='lat' dir='ltr'>necessitatem</span> <span class='ocrx_word' id='word_1_80' title='bbox 1183 1210 1365 1293; x_wconf 89' lang='lat' dir='ltr'>pedumque</span> <span class='ocrx_word' id='word_1_81' title='bbox 1379 1231 1402 1272; x_wconf 86' lang='lat' dir='ltr'>rc</span> 
     </span>
     <span class='ocr_line' id='line_1_12' title="bbox 335 1292 1365 1376; baseline 0.001 -20"><span class='ocrx_word' id='word_1_82' title='bbox 335 1293 625 1357; x_wconf 85' lang='lat' dir='ltr'>mensurandorum</span> <span class='ocrx_word' id='word_1_83' title='bbox 641 1314 679 1357; x_wconf 88' lang='lat' dir='ltr'>ac</span> <span class='ocrx_word' id='word_1_84' title='bbox 694 1297 878 1376; x_wconf 88' lang='lat' dir='ltr'>temporum</span> <span class='ocrx_word' id='word_1_85' title='bbox 893 1292 1090 1375; x_wconf 88' lang='lat' dir='ltr'>positionem</span> <span class='ocrx_word' id='word_1_86' title='bbox 1107 1294 1275 1376; x_wconf 85' lang='lat' dir='ltr'>accipitur.</span> <span class='ocrx_word' id='word_1_87' title='bbox 1304 1293 1365 1358; x_wconf 91' lang='lat' dir='ltr'>hoc</span> 
     </span>
     <span class='ocr_line' id='line_1_13' title="bbox 334 1376 1363 1460; baseline 0.001 -21"><span class='ocrx_word' id='word_1_88' title='bbox 334 1381 444 1441; x_wconf 84' lang='lat' dir='ltr'>tamen</span> <span class='ocrx_word' id='word_1_89' title='bbox 472 1377 654 1455; x_wconf 90' lang='lat' dir='ltr'>sciendum,</span> <span class='ocrx_word' id='word_1_90' title='bbox 683 1377 768 1460; x_wconf 92' lang='lat' dir='ltr'>quod</span> <span class='ocrx_word' id='word_1_91' title='bbox 797 1377 923 1458; x_wconf 89' lang='lat' dir='ltr'>quoties</span> <span class='ocrx_word' id='word_1_92' title='bbox 946 1376 1074 1440; x_wconf 87' lang='lat' dir='ltr'>dicatur</span> <span class='ocrx_word' id='word_1_93' title='bbox 1094 1395 1192 1458; x_wconf 79' lang='lat' dir='ltr'>sepes,</span> <span class='ocrx_word' id='word_1_94' title='bbox 1222 1376 1363 1458; x_wconf 87' lang='lat' dir='ltr'>lapidum</span> 
     </span>
     <span class='ocr_line' id='line_1_14' title="bbox 336 1459 1363 1542; baseline 0 -19"><span class='ocrx_word' id='word_1_95' title='bbox 336 1459 527 1523; x_wconf 87' lang='lat' dir='ltr'>ostendatur</span> <span class='ocrx_word' id='word_1_96' title='bbox 541 1463 695 1539; x_wconf 88' lang='lat' dir='ltr'>materia,</span> <span class='ocrx_word' id='word_1_97' title='bbox 712 1481 786 1524; x_wconf 90' lang='lat' dir='ltr'>cum</span> <span class='ocrx_word' id='word_1_98' title='bbox 801 1461 909 1523; x_wconf 87' lang='lat' dir='ltr'>autem</span> <span class='ocrx_word' id='word_1_99' title='bbox 925 1459 1085 1523; x_wconf 82' lang='lat' dir='ltr'>scribatur</span> <span class='ocrx_word' id='word_1_100' title='bbox 1099 1478 1182 1540; x_wconf 81' lang='lat' dir='ltr'>sepa,</span> <span class='ocrx_word' id='word_1_101' title='bbox 1199 1459 1363 1542; x_wconf 86' lang='lat' dir='ltr'>lignorum</span> 
     </span>
     <span class='ocr_line' id='line_1_15' title="bbox 336 1542 1364 1627; baseline 0.001 -21"><span class='ocrx_word' id='word_1_102' title='bbox 336 1563 464 1627; x_wconf 88' lang='lat' dir='ltr'>semper</span> <span class='ocrx_word' id='word_1_103' title='bbox 486 1543 558 1607; x_wconf 88' lang='lat' dir='ltr'>erit.</span> <span class='ocrx_word' id='word_1_104' title='bbox 598 1544 644 1607; x_wconf 91' lang='lat' dir='ltr'>sic</span> <span class='ocrx_word' id='word_1_105' title='bbox 667 1564 738 1607; x_wconf 91' lang='lat' dir='ltr'>cum</span> <span class='ocrx_word' id='word_1_106' title='bbox 763 1542 842 1606; x_wconf 90' lang='lat' dir='ltr'>dicis</span> <span class='ocrx_word' id='word_1_107' title='bbox 860 1562 984 1625; x_wconf 78' lang='lat' dir='ltr'>preces,</span> <span class='ocrx_word' id='word_1_108' title='bbox 1015 1543 1169 1625; x_wconf 89' lang='lat' dir='ltr'>inpudica</span> <span class='ocrx_word' id='word_1_109' title='bbox 1191 1547 1224 1605; x_wconf 91' lang='lat' dir='ltr'>et</span> <span class='ocrx_word' id='word_1_110' title='bbox 1245 1562 1364 1625; x_wconf 87' lang='lat' dir='ltr'>procax</span> 
     </span>
     <span class='ocr_line' id='line_1_16' title="bbox 335 1626 1403 1710; baseline -0.004 -20"><span class='ocrx_word' id='word_1_111' title='bbox 335 1626 397 1690; x_wconf 90' lang='lat' dir='ltr'>erit</span> <span class='ocrx_word' id='word_1_112' title='bbox 420 1631 453 1690; x_wconf 90' lang='lat' dir='ltr'>et</span> <span class='ocrx_word' id='word_1_113' title='bbox 474 1626 579 1691; x_wconf 90' lang='lat' dir='ltr'>malae</span> <span class='ocrx_word' id='word_1_114' title='bbox 601 1627 646 1690; x_wconf 90' lang='lat' dir='ltr'>rei</span> <span class='ocrx_word' id='word_1_115' title='bbox 670 1627 810 1691; x_wconf 87' lang='lat' dir='ltr'>maxime</span> <span class='ocrx_word' id='word_1_116' title='bbox 831 1626 1023 1710; x_wconf 90' lang='lat' dir='ltr'>postulatio,</span> <span class='ocrx_word' id='word_1_117' title='bbox 1046 1630 1081 1690; x_wconf 88' lang='lat' dir='ltr'>at</span> <span class='ocrx_word' id='word_1_118' title='bbox 1090 1647 1174 1709; x_wconf 78' lang='lat' dir='ltr'>pren</span> <span class='ocrx_word' id='word_1_119' title='bbox 1190 1626 1230 1689; x_wconf 90' lang='lat' dir='ltr'>ad</span> <span class='ocrx_word' id='word_1_120' title='bbox 1247 1628 1362 1690; x_wconf 90' lang='lat' dir='ltr'>bonam</span> <span class='ocrx_word' id='word_1_121' title='bbox 1378 1647 1403 1686; x_wconf 84' lang='lat' dir='ltr'>n</span> 
     </span>
     <span class='ocr_line' id='line_1_17' title="bbox 334 1710 1364 1795; baseline 0 -22"><span class='ocrx_word' id='word_1_122' title='bbox 334 1731 462 1794; x_wconf 86' lang='lat' dir='ltr'>semper</span> <span class='ocrx_word' id='word_1_123' title='bbox 483 1714 609 1794; x_wconf 88' lang='lat' dir='ltr'>partem</span> <span class='ocrx_word' id='word_1_124' title='bbox 632 1711 799 1795; x_wconf 79' lang='lat' dir='ltr'>dirigetur.</span> <span class='ocrx_word' id='word_1_125' title='bbox 838 1710 894 1774; x_wconf 85' lang='lat' dir='ltr'>sed</span> <span class='ocrx_word' id='word_1_126' title='bbox 916 1711 1002 1775; x_wconf 83' lang='lat' dir='ltr'>sedes</span> <span class='ocrx_word' id='word_1_127' title='bbox 1024 1730 1096 1774; x_wconf 89' lang='lat' dir='ltr'>cum</span> <span class='ocrx_word' id='word_1_128' title='bbox 1120 1711 1260 1787; x_wconf 91' lang='lat' dir='ltr'>dicatur,</span> <span class='ocrx_word' id='word_1_129' title='bbox 1290 1710 1364 1774; x_wconf 88' lang='lat' dir='ltr'>sim·</span> 
     </span>
     <span class='ocr_line' id='line_1_18' title="bbox 333 1793 1365 1890; baseline 0.003 -36"><span class='ocrx_word' id='word_1_130' title='bbox 333 1793 428 1875; x_wconf 89' lang='lat' dir='ltr'>plicis</span> <span class='ocrx_word' id='word_1_131' title='bbox 453 1797 486 1857; x_wconf 92' lang='lat' dir='ltr'>et</span> <span class='ocrx_word' id='word_1_132' title='bbox 508 1794 750 1890; x_wconf 84' lang='lat' dir='ltr'>qualiscumque</span> <span class='ocrx_word' id='word_1_133' title='bbox 771 1793 835 1857; x_wconf 92' lang='lat' dir='ltr'>loci</span> <span class='ocrx_word' id='word_1_134' title='bbox 857 1797 921 1872; x_wconf 89' lang='lat' dir='ltr'>est,</span> <span class='ocrx_word' id='word_1_135' title='bbox 952 1794 1002 1856; x_wconf 92' lang='lat' dir='ltr'>cui</span> <span class='ocrx_word' id='word_1_136' title='bbox 1027 1794 1099 1875; x_wconf 91' lang='lat' dir='ltr'>quis</span> <span class='ocrx_word' id='word_1_137' title='bbox 1121 1793 1282 1870; x_wconf 86' lang='lat' dir='ltr'>insedeat,</span> <span class='ocrx_word' id='word_1_138' title='bbox 1313 1797 1365 1857; x_wconf 86' lang='lat' dir='ltr'>ast</span> 
     </span>
     <span class='ocr_line' id='line_1_19' title="bbox 333 1875 1362 1959; baseline -0.001 -19"><span class='ocrx_word' id='word_1_139' title='bbox 333 1895 382 1940; x_wconf 84' lang='lat' dir='ltr'>scs</span> <span class='ocrx_word' id='word_1_140' title='bbox 411 1877 543 1941; x_wconf 85' lang='lat' dir='ltr'>alterius</span> <span class='ocrx_word' id='word_1_141' title='bbox 572 1877 805 1959; x_wconf 80' lang='lat' dir='ltr'>conpositionis</span> <span class='ocrx_word' id='word_1_142' title='bbox 828 1876 1016 1958; x_wconf 87' lang='lat' dir='ltr'>altiorisque</span> <span class='ocrx_word' id='word_1_143' title='bbox 1040 1877 1101 1939; x_wconf 92' lang='lat' dir='ltr'>loci</span> <span class='ocrx_word' id='word_1_144' title='bbox 1125 1876 1165 1940; x_wconf 90' lang='lat' dir='ltr'>ad</span> <span class='ocrx_word' id='word_1_145' title='bbox 1187 1875 1362 1940; x_wconf 88' lang='lat' dir='ltr'>sedendum</span> 
     </span>
     <span class='ocr_line' id='line_1_20' title="bbox 333 1958 1363 2044; baseline 0.001 -21"><span class='ocrx_word' id='word_1_146' title='bbox 333 1961 455 2043; x_wconf 89' lang='lat' dir='ltr'>parati,</span> <span class='ocrx_word' id='word_1_147' title='bbox 480 1962 566 2044; x_wconf 89' lang='lat' dir='ltr'>quod</span> <span class='ocrx_word' id='word_1_148' title='bbox 589 1960 845 2044; x_wconf 76' lang='lat' dir='ltr'>graece-dicitur</span> <span class='ocrx_word' id='word_1_149' title='bbox 867 1960 1017 2024; x_wconf 77' lang='lat' dir='ltr'>thronus:</span> <span class='ocrx_word' id='word_1_150' title='bbox 1039 1959 1125 2023; x_wconf 93' lang='lat' dir='ltr'>unde</span> <span class='ocrx_word' id='word_1_151' title='bbox 1149 1964 1182 2023; x_wconf 91' lang='lat' dir='ltr'>et</span> <span class='ocrx_word' id='word_1_152' title='bbox 1204 1961 1258 2043; x_wconf 89' lang='lat' dir='ltr'>qui</span> <span class='ocrx_word' id='word_1_153' title='bbox 1274 1958 1310 2022; x_wconf 92' lang='lat' dir='ltr'>in</span> <span class='ocrx_word' id='word_1_154' title='bbox 1326 1981 1363 2024; x_wconf 91' lang='lat' dir='ltr'>eo</span> 
     </span>
     <span class='ocr_line' id='line_1_21' title="bbox 334 2043 1403 2126; baseline -0.001 -21"><span class='ocrx_word' id='word_1_155' title='bbox 334 2043 546 2126; x_wconf 72' lang='grc'><strong>1111111111,</strong></span> <span class='ocrx_word' id='word_1_156' title='bbox 570 2043 632 2107; x_wconf 94' lang='lat' dir='ltr'>hoc</span> <span class='ocrx_word' id='word_1_157' title='bbox 654 2047 704 2108; x_wconf 91' lang='lat' dir='ltr'>est</span> <span class='ocrx_word' id='word_1_158' title='bbox 723 2064 798 2124; x_wconf 87' lang='lat' dir='ltr'>rex,</span> <span class='ocrx_word' id='word_1_159' title='bbox 821 2044 1023 2107; x_wconf 87' lang='lat' dir='ltr'>nominatur.</span> <span class='ocrx_word' id='word_1_160' title='bbox 1377 2065 1403 2105; x_wconf 83' lang='lat' dir='ltr'>ao</span> 
     </span>
     <span class='ocr_line' id='line_1_22' title="bbox 421 2125 1365 2210; baseline -0.001 -18"><span class='ocrx_word' id='word_1_161' title='bbox 421 2125 504 2192; x_wconf 81' lang='lat' dir='ltr'>Sunt</span> <span class='ocrx_word' id='word_1_162' title='bbox 523 2131 635 2192; x_wconf 90' lang='lat' dir='ltr'>tamen</span> <span class='ocrx_word' id='word_1_163' title='bbox 659 2126 817 2210; x_wconf 86' lang='lat' dir='ltr'>quaedam</span> <span class='ocrx_word' id='word_1_164' title='bbox 839 2127 974 2191; x_wconf 85' lang='lat' dir='ltr'>nomina</span> <span class='ocrx_word' id='word_1_165' title='bbox 990 2147 1072 2208; x_wconf 87' lang='lat' dir='ltr'>quae</span> <span class='ocrx_word' id='word_1_166' title='bbox 1088 2126 1167 2189; x_wconf 88' lang='lat' dir='ltr'>duas</span> <span class='ocrx_word' id='word_1_167' title='bbox 1182 2148 1241 2209; x_wconf 90' lang='lat' dir='ltr'>per</span> <span class='ocrx_word' id='word_1_168' title='bbox 1256 2127 1365 2191; x_wconf 89' lang='lat' dir='ltr'>omnia</span> 
     </span>
     <span class='ocr_line' id='line_1_23' title="bbox 334 2210 1364 2289; baseline 0 -15"><span class='ocrx_word' id='word_1_169' title='bbox 334 2210 569 2276; x_wconf 87' lang='lat' dir='ltr'>declinationes</span> <span class='ocrx_word' id='word_1_170' title='bbox 592 2211 710 2275; x_wconf 90' lang='lat' dir='ltr'>habere</span> <span class='ocrx_word' id='word_1_171' title='bbox 725 2215 906 2275; x_wconf 89' lang='lat' dir='ltr'>noscuntur</span> <span class='ocrx_word' id='word_1_172' title='bbox 921 2215 958 2273; x_wconf 89' lang='lat' dir='ltr'>ut</span> <span class='ocrx_word' id='word_1_173' title='bbox 974 2211 1097 2275; x_wconf 81' lang='lat' dir='ltr'>laetitia</span> <span class='ocrx_word' id='word_1_174' title='bbox 1113 2211 1284 2289; x_wconf 83' lang='lat' dir='ltr'>luctamen,</span> <span class='ocrx_word' id='word_1_175' title='bbox 1307 2231 1364 2274; x_wconf 89' lang='lat' dir='ltr'>no-</span> 
     </span>
     <span class='ocr_line' id='line_1_24' title="bbox 334 2294 1364 2377; baseline 0 -19"><span class='ocrx_word' id='word_1_176' title='bbox 334 2297 416 2359; x_wconf 79' lang='grc'><strong>11111</strong></span> <span class='ocrx_word' id='word_1_177' title='bbox 438 2314 608 2377; x_wconf 77' lang='lat' dir='ltr'>nonomen,</span> <span class='ocrx_word' id='word_1_178' title='bbox 625 2297 836 2377; x_wconf 73' lang='lat' dir='ltr'>praesepium</span> <span class='ocrx_word' id='word_1_179' title='bbox 851 2295 1094 2377; x_wconf 73' lang='lat' dir='ltr'>prccsnyimem</span> <span class='ocrx_word' id='word_1_180' title='bbox 1115 2294 1364 2374; x_wconf 81' lang='lat' dir='ltr'>fundamentum</span> 
     </span>
     <span class='ocr_line' id='line_1_25' title="bbox 331 2376 1363 2462; baseline 0 -20"><span class='ocrx_word' id='word_1_181' title='bbox 331 2376 526 2462; x_wconf 75' lang='lat' dir='ltr'>fundamen,</span> <span class='ocrx_word' id='word_1_182' title='bbox 561 2380 789 2443; x_wconf 73' lang='lat' dir='ltr'>monimentum</span> <span class='ocrx_word' id='word_1_183' title='bbox 818 2379 994 2458; x_wconf 90' lang='lat' dir='ltr'>monimen,</span> <span class='ocrx_word' id='word_1_184' title='bbox 1027 2378 1271 2442; x_wconf 74' lang='lat' dir='ltr'>calciamentum</span> <span class='ocrx_word' id='word_1_185' title='bbox 1299 2378 1363 2442; x_wconf 85' lang='lat' dir='ltr'>eoi·</span> 
     </span>
     <span class='ocr_line' id='line_1_26' title="bbox 334 2462 1404 2543; baseline -0.001 -19"><span class='ocrx_word' id='word_1_186' title='bbox 334 2462 472 2542; x_wconf 86' lang='lat' dir='ltr'>cinmen,</span> <span class='ocrx_word' id='word_1_187' title='bbox 500 2466 700 2527; x_wconf 80' lang='lat' dir='ltr'>cnomcninm</span> <span class='ocrx_word' id='word_1_188' title='bbox 723 2481 871 2541; x_wconf 75' lang='lat' dir='ltr'>examen,</span> <span class='ocrx_word' id='word_1_189' title='bbox 898 2465 1109 2525; x_wconf 79' lang='lat' dir='ltr'>stramentum</span> <span class='ocrx_word' id='word_1_190' title='bbox 1129 2464 1285 2540; x_wconf 83' lang='lat' dir='ltr'>stramen,</span> <span class='ocrx_word' id='word_1_191' title='bbox 1307 2462 1363 2543; x_wconf 75' lang='lat' dir='ltr'>fir·</span> <span class='ocrx_word' id='word_1_192' title='bbox 1376 2479 1404 2520; x_wconf 81' lang='grc'>11</span> 
     </span>
     <span class='ocr_line' id='line_1_27' title="bbox 333 2544 1362 2629; baseline 0 -21"><span class='ocrx_word' id='word_1_193' title='bbox 333 2550 529 2610; x_wconf 81' lang='lat' dir='ltr'>momentum</span> <span class='ocrx_word' id='word_1_194' title='bbox 549 2547 734 2629; x_wconf 73' lang='lat' dir='ltr'>firmanam,</span> <span class='ocrx_word' id='word_1_195' title='bbox 757 2545 871 2626; x_wconf 84' lang='lat' dir='ltr'>species</span> <span class='ocrx_word' id='word_1_196' title='bbox 892 2545 1046 2626; x_wconf 81' lang='lat' dir='ltr'>specimen</span> <span class='ocrx_word' id='word_1_197' title='bbox 1063 2547 1096 2607; x_wconf 89' lang='grc'>11</span> <span class='ocrx_word' id='word_1_198' title='bbox 1111 2548 1226 2610; x_wconf 86' lang='lat' dir='ltr'>cetera.</span> <span class='ocrx_word' id='word_1_199' title='bbox 1262 2544 1362 2608; x_wconf 88' lang='lat' dir='ltr'>immo</span> 
     </span>
     <span class='ocr_line' id='line_1_28' title="bbox 333 2626 1363 2711; baseline -0.001 -20"><span class='ocrx_word' id='word_1_200' title='bbox 333 2628 394 2692; x_wconf 90' lang='lat' dir='ltr'>hoc</span> <span class='ocrx_word' id='word_1_201' title='bbox 417 2627 563 2692; x_wconf 90' lang='lat' dir='ltr'>addimus</span> <span class='ocrx_word' id='word_1_202' title='bbox 613 2630 676 2692; x_wconf 91' lang='lat' dir='ltr'>uod</span> <span class='ocrx_word' id='word_1_203' title='bbox 699 2632 766 2693; x_wconf 89' lang='lat' dir='ltr'>tres</span> <span class='ocrx_word' id='word_1_204' title='bbox 788 2627 840 2691; x_wconf 91' lang='lat' dir='ltr'>uel</span> <span class='ocrx_word' id='word_1_205' title='bbox 864 2629 1018 2711; x_wconf 87' lang='lat' dir='ltr'>quattuor</span> <span class='ocrx_word' id='word_1_206' title='bbox 1040 2626 1273 2690; x_wconf 86' lang='lat' dir='ltr'>declinationes</span> <span class='ocrx_word' id='word_1_207' title='bbox 1295 2628 1363 2710; x_wconf 91' lang='lat' dir='ltr'>ple-</span> 
     </span>
     <span class='ocr_line' id='line_1_29' title="bbox 333 2650 1363 2796; baseline 0.001 -22"><span class='ocrx_word' id='word_1_208' title='bbox 333 2712 441 2795; x_wconf 89' lang='lat' dir='ltr'>risque</span> <span class='ocrx_word' id='word_1_209' title='bbox 469 2650 657 2775; x_wconf 67' lang='lat' dir='ltr'>nominiirus</span> <span class='ocrx_word' id='word_1_210' title='bbox 687 2712 841 2776; x_wconf 90' lang='lat' dir='ltr'>eueniant</span> <span class='ocrx_word' id='word_1_211' title='bbox 868 2712 953 2796; x_wconf 87' lang='lat' dir='ltr'>sicut</span> <span class='ocrx_word' id='word_1_212' title='bbox 980 2714 1030 2774; x_wconf 91' lang='lat' dir='ltr'>est</span> <span class='ocrx_word' id='word_1_213' title='bbox 1051 2711 1189 2787; x_wconf 81' lang='lat' dir='ltr'>laetitia,</span> <span class='ocrx_word' id='word_1_214' title='bbox 1221 2711 1363 2792; x_wconf 72' lang='lat' dir='ltr'>lactitiae,</span> 
     </span>
    </p>
   </div>
   <div class='ocr_carea' id='block_1_3' title="bbox 332 2901 1363 3044">
    <p class='ocr_par' dir='ltr' id='par_1_3' title="bbox 332 2901 1363 3044">
     <span class='ocr_line' id='line_1_30' title="bbox 403 2901 1363 2976; baseline -0.002 -12"><span class='ocrx_word' id='word_1_215' title='bbox 403 2916 426 2964; x_wconf 78' lang='lat'>7.</span> <span class='ocrx_word' id='word_1_216' title='bbox 447 2911 502 2965; x_wconf 80' lang='lat' dir='ltr'>Ars</span> <span class='ocrx_word' id='word_1_217' title='bbox 519 2911 744 2976; x_wconf 81' lang='lat' dir='ltr'>nn.Bcrn.107,</span> <span class='ocrx_word' id='word_1_218' title='bbox 761 2901 809 2964; x_wconf 81' lang='lat'>33:</span> <span class='ocrx_word' id='word_1_219' title='bbox 829 2908 980 2964; x_wconf 85' lang='lat' dir='ltr'>Sciendum</span> <span class='ocrx_word' id='word_1_220' title='bbox 999 2910 1156 2964; x_wconf 83' lang='lat' dir='ltr'>astantem</span> <span class='ocrx_word' id='word_1_221' title='bbox 1176 2909 1253 2976; x_wconf 91' lang='lat' dir='ltr'>quod</span> <span class='ocrx_word' id='word_1_222' title='bbox 1272 2909 1363 2962; x_wconf 85' lang='lat' dir='ltr'>mult-a</span> 
     </span>
     <span class='ocr_line' id='line_1_31' title="bbox 332 2975 1363 3044; baseline -0.003 -14"><span class='ocrx_word' id='word_1_223' title='bbox 332 2980 450 3030; x_wconf 85' lang='lat' dir='ltr'>nomina</span> <span class='ocrx_word' id='word_1_224' title='bbox 479 2977 509 3029; x_wconf 92' lang='lat' dir='ltr'>hi</span> <span class='ocrx_word' id='word_1_225' title='bbox 536 2979 669 3031; x_wconf 87' lang='lat' dir='ltr'>ostenent</span> <span class='ocrx_word' id='word_1_226' title='bbox 694 2976 887 3031; x_wconf 86' lang='lat' dir='ltr'>nominativus</span> <span class='ocrx_word' id='word_1_227' title='bbox 915 2975 1068 3043; x_wconf 82' lang='lat' dir='ltr'>singularis</span> <span class='ocrx_word' id='word_1_228' title='bbox 1094 2976 1174 3029; x_wconf 90' lang='lat' dir='ltr'>cuius</span> <span class='ocrx_word' id='word_1_229' title='bbox 1200 2975 1363 3044; x_wconf 89' lang='lat' dir='ltr'>repperitur</span> 
     </span>
    </p>
   </div>
   <div class='ocr_carea' id='block_1_4' title="bbox 332 3043 1364 3279">
    <p class='ocr_par' dir='ltr' id='par_1_4' title="bbox 332 3043 1364 3279">
     <span class='ocr_line' id='line_1_32' title="bbox 332 3043 1363 3154; baseline -0.002 -25"><span class='ocrx_word' id='word_1_230' title='bbox 332 3076 453 3154; x_wconf 83' lang='lat' dir='ltr'>duplex,</span> <span class='ocrx_word' id='word_1_231' title='bbox 472 3093 537 3130; x_wconf 88' lang='lat' dir='ltr'>cum</span> <span class='ocrx_word' id='word_1_232' title='bbox 554 3092 716 3147; x_wconf 85' lang='lat' dir='ltr'>peromnes</span> <span class='ocrx_word' id='word_1_233' title='bbox 729 3092 855 3130; x_wconf 89' lang='lat' dir='ltr'>casus-</span> <span class='ocrx_word' id='word_1_234' title='bbox 868 3092 949 3154; x_wconf 89' lang='lat' dir='ltr'>sepes</span> <span class='ocrx_word' id='word_1_235' title='bbox 967 3076 1054 3144; x_wconf 81' lang='lat' dir='ltr'>sepis,</span> <span class='ocrx_word' id='word_1_236' title='bbox 1073 3074 1162 3152; x_wconf 73' lang='lat' dir='ltr'>habes</span> <span class='ocrx_word' id='word_1_237' title='bbox 1180 3074 1240 3129; x_wconf 86' lang='lat' dir='ltr'>abis</span> <span class='ocrx_word' id='word_1_238' title='bbox 1254 3043 1363 3151; x_wconf 64' lang='lat' dir='ltr'>etham</span> 
     </span>
     <span class='ocr_line' id='line_1_33' title="bbox 332 3142 1364 3213; baseline 0 -17"><span class='ocrx_word' id='word_1_239' title='bbox 332 3143 416 3197; x_wconf 78' lang='lat' dir='ltr'>ebitis</span> <span class='ocrx_word' id='word_1_240' title='bbox 438 3159 538 3212; x_wconf 91' lang='lat' dir='ltr'>preces</span> <span class='ocrx_word' id='word_1_241' title='bbox 561 3145 654 3213; x_wconf 86' lang='lat' dir='ltr'>precis</span> <span class='ocrx_word' id='word_1_242' title='bbox 677 3146 707 3197; x_wconf 93' lang='lat' dir='ltr'>et</span> <span class='ocrx_word' id='word_1_243' title='bbox 727 3159 798 3212; x_wconf 86' lang='lat' dir='ltr'>prex</span> <span class='ocrx_word' id='word_1_244' title='bbox 822 3159 915 3211; x_wconf 80' lang='lat' dir='ltr'>precis</span> <span class='ocrx_word' id='word_1_245' title='bbox 938 3143 1019 3196; x_wconf 88' lang='lat' dir='ltr'>sedes</span> <span class='ocrx_word' id='word_1_246' title='bbox 1037 3142 1112 3196; x_wconf 80' lang='lat' dir='ltr'>sedis</span> <span class='ocrx_word' id='word_1_247' title='bbox 1130 3145 1160 3195; x_wconf 91' lang='lat' dir='ltr'>et</span> <span class='ocrx_word' id='word_1_248' title='bbox 1178 3159 1221 3195; x_wconf 88' lang='grc'>111</span> <span class='ocrx_word' id='word_1_249' title='bbox 1240 3142 1315 3195; x_wconf 81' lang='lat' dir='ltr'>sedis</span> <span class='ocrx_word' id='word_1_250' title='bbox 1333 3144 1364 3196; x_wconf 89' lang='grc'>11</span> 
     </span>
     <span class='ocr_line' id='line_1_34' title="bbox 332 3211 644 3279; baseline 0.01 -16"><span class='ocrx_word' id='word_1_251' title='bbox 332 3211 429 3264; x_wconf 90' lang='lat' dir='ltr'>cetera</span> <span class='ocrx_word' id='word_1_252' title='bbox 445 3240 478 3250; x_wconf 89' lang='lat'>-</span> <span class='ocrx_word' id='word_1_253' title='bbox 498 3211 644 3279; x_wconf 87' lang='lat' dir='ltr'>accipitur.</span> 
     </span>
    </p>
   </div>
   <div class='ocr_carea' id='block_1_5' title="bbox 401 3357 1364 3432">
    <p class='ocr_par' dir='ltr' id='par_1_5' title="bbox 401 3357 1364 3432">
     <span class='ocr_line' id='line_1_35' title="bbox 401 3357 1364 3432; baseline -0.002 -17"><span class='ocrx_word' id='word_1_254' title='bbox 401 3367 417 3415; x_wconf 87' lang='lat'><em>8</em></span> <span class='ocrx_word' id='word_1_255' title='bbox 440 3360 544 3415; x_wconf 82' lang='lat' dir='ltr'>chebes</span> <span class='ocrx_word' id='word_1_256' title='bbox 566 3367 605 3428; x_wconf 79' lang='lat' dir='ltr'>(c,</span> <span class='ocrx_word' id='word_1_257' title='bbox 627 3377 662 3416; x_wconf 81' lang='lat' dir='ltr'>cc</span> <span class='ocrx_word' id='word_1_258' title='bbox 682 3360 703 3428; x_wconf 87' lang='lat' dir='ltr'>i)</span> <span class='ocrx_word' id='word_1_259' title='bbox 726 3362 756 3414; x_wconf 89' lang='lat' dir='ltr'>at</span> <span class='ocrx_word' id='word_1_260' title='bbox 777 3359 864 3414; x_wconf 87' lang='lat' dir='ltr'>chebs</span> <span class='ocrx_word' id='word_1_261' title='bbox 886 3360 922 3414; x_wconf 90' lang='lat' dir='ltr'><strong><em>N</em></strong></span> <span class='ocrx_word' id='word_1_262' title='bbox 934 3361 977 3428; x_wconf 82' lang='lat' dir='ltr'>l⁹</span> <span class='ocrx_word' id='word_1_263' title='bbox 999 3375 1066 3432; x_wconf 71' lang='lat' dir='ltr'>pres</span> <span class='ocrx_word' id='word_1_264' title='bbox 1089 3357 1124 3412; x_wconf 89' lang='lat' dir='ltr'><em>N</em></span> <span class='ocrx_word' id='word_1_265' title='bbox 1136 3360 1146 3427; x_wconf 76' lang='lat' dir='ltr'>ll</span> <span class='ocrx_word' id='word_1_266' title='bbox 1166 3364 1197 3414; x_wconf 80' lang='grc'>11</span> <span class='ocrx_word' id='word_1_267' title='bbox 1219 3359 1364 3413; x_wconf 87' lang='lat' dir='ltr'>matheria</span> 
     </span>
    </p>
   </div>
   <div class='ocr_carea' id='block_1_6' title="bbox 331 3440 1359 3631">
    <p class='ocr_par' dir='ltr' id='par_1_6' title="bbox 331 3440 1359 3631">
     <span class='ocr_line' id='line_1_36' title="bbox 331 3440 1359 3562; baseline 0 -31"><span class='ocrx_word' id='word_1_268' title='bbox 331 3477 367 3531; x_wconf 93' lang='lat' dir='ltr'><strong><em>N</em></strong></span> <span class='ocrx_word' id='word_1_269' title='bbox 374 3480 384 3547; x_wconf 84' lang='grc' dir='ltr'>ΙΙ</span> <span class='ocrx_word' id='word_1_270' title='bbox 397 3440 462 3562; x_wconf 50' lang='grc' dir='ltr'>ἓξὲξ</span> <span class='ocrx_word' id='word_1_271' title='bbox 479 3477 515 3531; x_wconf 89' lang='lat' dir='ltr'><strong><em>N</em></strong></span> <span class='ocrx_word' id='word_1_272' title='bbox 527 3493 596 3533; x_wconf 85' lang='lat' dir='ltr'>corr.</span> <span class='ocrx_word' id='word_1_273' title='bbox 609 3495 645 3536; x_wconf 87' lang='lat' dir='ltr'>m.</span> <span class='ocrx_word' id='word_1_274' title='bbox 657 3478 693 3533; x_wconf 84' lang='lat' dir='ltr'>al.</span> <span class='ocrx_word' id='word_1_275' title='bbox 706 3480 717 3547; x_wconf 80' lang='lat' dir='ltr'>l</span> <span class='ocrx_word' id='word_1_276' title='bbox 732 3483 762 3532; x_wconf 85' lang='lat'>15</span> <span class='ocrx_word' id='word_1_277' title='bbox 781 3477 855 3531; x_wconf 89' lang='lat' dir='ltr'>male</span> <span class='ocrx_word' id='word_1_278' title='bbox 874 3478 908 3531; x_wconf 89' lang='lat' dir='ltr'><strong><em>N</em></strong></span> <span class='ocrx_word' id='word_1_279' title='bbox 917 3479 927 3545; x_wconf 90' lang='grc' dir='ltr'>ΙΙ</span> <span class='ocrx_word' id='word_1_280' title='bbox 941 3481 971 3530; x_wconf 75' lang='grc'>11</span> <span class='ocrx_word' id='word_1_281' title='bbox 992 3477 1114 3545; x_wconf 88' lang='lat' dir='ltr'>quedam</span> <span class='ocrx_word' id='word_1_282' title='bbox 1134 3477 1247 3545; x_wconf 78' lang='lat' dir='ltr'>(ntique</span> <span class='ocrx_word' id='word_1_283' title='bbox 1264 3476 1332 3542; x_wconf 78' lang='lat' dir='ltr'>scre)</span> <span class='ocrx_word' id='word_1_284' title='bbox 1345 3477 1359 3545; x_wconf 80' lang='lat' dir='ltr'>ll</span> 
     </span>
     <span class='ocr_line' id='line_1_37' title="bbox 331 3560 933 3631; baseline -0.005 -14"><span class='ocrx_word' id='word_1_285' title='bbox 331 3569 364 3617; x_wconf 74' lang='grc'><strong>’2-1</strong></span> <span class='ocrx_word' id='word_1_286' title='bbox 382 3563 563 3617; x_wconf 84' lang='lat' dir='ltr'>laetistamen</span> <span class='ocrx_word' id='word_1_287' title='bbox 582 3561 681 3631; x_wconf 72' lang='grc'><strong>111113</strong></span> <span class='ocrx_word' id='word_1_288' title='bbox 699 3561 874 3630; x_wconf 77' lang='lat' dir='ltr'>praesagium</span> <span class='ocrx_word' id='word_1_289' title='bbox 893 3560 933 3615; x_wconf 83' lang='lat' dir='ltr'>N.</span> 
     </span>
    </p>
   </div>
   <div class='ocr_carea' id='block_1_7' title="bbox 0 0 1610 4162">
    <p class='ocr_par' dir='ltr' id='par_1_7' title="bbox 0 0 1610 4162">
     <span class='ocr_line' id='line_1_38' title="bbox 0 0 1610 4162; baseline 0 1"><span class='ocrx_word' id='word_1_290' title='bbox 0 0 1610 4162; x_wconf 95' lang='lat' dir='ltr'> </span> 
     </span>
    </p>
   </div>
  </div>
 </body>
</html>
