3210 4162
307 253 367 319 156
534 251 689 307 VIRGILII
707 250 876 306 Minonis
894 249 1103 306 EPISTOLAE.

609 435 667 501 IV.
701 435 761 500 DE
785 434 1027 502 ADUERBIO.

390 571 505 636 Omnis
532 571 610 634 urbs
639 571 768 636 munita
796 574 830 633 et
858 570 965 634 cincta
987 571 1074 633 ciues
1095 570 1241 633 hostibus
1263 590 1329 633 non

304 654 424 719 tradat:
457 655 505 717 ita
536 653 690 718 historica
722 654 882 736 expositio
917 654 944 716 si
972 658 1058 717 recte
1086 673 1124 716 ac
1150 652 1330 716 ratahunde

304 738 404 801 fuerit
431 737 611 820 perordita‚
639 736 761 800 nullius
783 736 1044 818 reprehensionis
1066 735 1174 800 locum
1195 735 1330 800 ulterius

305 821 447 884 habebit.
482 820 568 884 unde
590 841 650 884 nos
673 819 819 885 doctores
835 823 969 883 monent
983 824 1021 884 ut
1036 841 1147 883 omncs
1162 824 1246 883 artes
1261 841 1330 884 non

280 904 410 970 ssolum
438 903 647 986 principales,
674 924 788 966 uerum
816 903 912 966 etiam
940 903 1117 967 mediocres
1140 905 1238 985 atque
1260 903 1330 966 offi-

306 988 404 1052 ciales
426 991 514 1051 recte
535 989 570 1051 in
591 988 694 1070 presis
716 990 912 1051 statuantur.
946 987 1184 1071 propterquod
1208 989 1241 1050 et
1256 1006 1329 1084 ego,

305 1074 381 1155 quia
403 1071 464 1135 tibi
486 1071 525 1134 de
547 1071 679 1135 nomine
701 1092 738 1134 ac
760 1071 953 1153 pronomine
975 1071 1135 1153 uerboque
1154 1071 1331 1133 breuianas

306 1157 525 1238 expositiones
546 1175 605 1237 per
626 1155 780 1236 epistolas
802 1155 1038 1231 intimauerim,
1061 1154 1230 1217 inferiores
1253 1174 1330 1238 quo·

305 1258 368 1320 que
397 1242 507 1320 partes
533 1238 735 1300 breuioribus
766 1238 895 1319 quidem
929 1236 984 1300 sed
1018 1238 1157 1320 propriis
1187 1236 1331 1320 epistolis

267 1357 293 1394 10
306 1321 501 1402 ecplanaho,
531 1320 720 1403 praesertim
748 1341 821 1384 cum
850 1320 998 1402 epitomis
1026 1321 1064 1383 de
1093 1319 1159 1383 IIII
1186 1321 1331 1403 partibus

304 1425 406 1467 unum
438 1404 501 1468 feci
532 1404 738 1486 opusculum,
777 1424 860 1485 quae
890 1403 1037 1466 residuae
1066 1408 1143 1467 sunt
1179 1403 1332 1467 adnerbio

305 1488 438 1561 scilicet,
452 1487 624 1570 participio
647 1487 879 1550 coniunctione
901 1492 934 1549 et
955 1487 1202 1568 praepositione.
1234 1487 1285 1550 his
1304 1487 1331 1550 si

305 1571 455 1653 proprias
476 1570 617 1634 habeant
639 1569 809 1652 epistolas,
838 1569 936 1652 paulo
960 1571 1057 1632 latius
1080 1569 1200 1652 aliquid
1223 1569 1331 1654 legen-

305 1654 393 1717 tibus
417 1653 661 1717 oonfer‘atur‘ad
683 1674 823 1720 sensum.

268 1770 293 1811 25
359 1770 361 1773 ·
392 1736 590 1800 Aduerbium
628 1756 706 1800 ero
744 1739 859 1819 quarta
895 1736 1052 1799 orationis
1087 1736 1245 1819 particula
1273 1742 1332 1816 est,

306 1840 388 1901 quae
411 1821 488 1901 quia
509 1820 608 1883 uerbo
627 1758 777 1899 adheret,
800 1819 988 1882 aduerhium
1003 1823 1225 1901 nuncupatur,
1248 1820 1332 1883 sicut

306 1922 485 1985 pronomen
515 1923 553 1965 ex
581 1903 724 1966 nominis
751 1903 977 1966 communione
1005 1907 1149 1965 uocatur.
1188 1902 1243 1965 sed
1266 1902 1332 1965 hiic

307 1986 451 2067 quaestio
478 1984 631 2049 adcurrit.
674 1984 759 2048 forte
790 1985 877 2048 enim
907 1985 1022 2067 aliquis
1052 1985 1212 2068 inquirat,
1246 1985 1332 2068 quod

307 2088 373 2130 non
397 2067 509 2132 dubito
526 2071 733 2152 euenturum,
756 2068 785 2130 si
800 2071 971 2151 propterea
985 2067 1173 2130 adnerbium
1188 2072 1331 2145 uocatur,

267 2185 293 2224 ²⁰
306 2150 1332 2318 ttttttbttttttattttltttttt'ttttttbttt

1217 2284 1226 2316 l

306 2337 552 2401 nonnumquam
574 2339 640 2381 non
663 2318 763 2382 uerbo
786 2323 915 2381 tantum
938 2319 993 2381 sed
1016 2317 1088 2381 aliis
1108 2319 1256 2401 partibus
1278 2318 1332 2381 ad-

307 2401 513 2485 iunguntur?
551 2400 686 2464 dicimus
719 2402 807 2464 enim
840 2422 961 2484 mopcc
992 2402 1086 2466 ualde
1111 2403 1200 2466 uenit
1226 2403 1330 2468 turba.

307 2555 343 2562 .—

378 2639 410 2685 15
432 2631 564 2699 nacerat.
583 2631 668 2686 Rern.
687 2647 718 2700 p.
738 2637 803 2697 199,
831 2637 867 2688 16
889 2637 915 2687 et
936 2633 1018 2687 Laid.
1039 2632 1061 2698 f.
1081 2637 1128 2688 79:
1156 2632 1332 2687 Aduerbium

307 2703 351 2750 est
374 2700 477 2766 quarta
497 2728 526 2736 —
544 2700 737 2766 nuncupatum
761 2700 811 2752 sed
834 2699 880 2752 hic
898 2700 1026 2766 quaestio
1045 2699 1183 2765 adcurrit,
1228 2714 1264 2753 uo
1282 2714 1331 2753 no-

306 2763 383 2842 minc
402 2765 577 2819 vocabuntur
595 2765 731 2819 adverbia
747 2765 958 2833 cooperationis
970 2766 1018 2819 vel
1030 2766 1175 2832 qualitatis
1187 2717 1232 2820 vd
1245 2782 1332 2834 quan-

306 2831 412 2895 titatis,
437 2847 509 2898 quae
533 2846 588 2884 non
611 2832 698 2885 verbo
720 2833 834 2886 tantum
856 2831 956 2886 sed-
980 2833 1079 2899 turba,
1102 2831 1221 2886 dicimus
1244 2833 1332 2887 etiam

306 2898 367 2950 tam
390 2897 473 2951 docte
490 2899 550 2950 tam
568 2901 649 2951 -et
670 2898 701 2950 hi
718 2927 752 2937 -
769 2899 866 2966 partes
888 2900 1040 2952 numerant
1061 2915 1147 2952 unam
1170 2901 1268 2968 (unum
1292 2900 1331 2966 L)

306 2965 441 3017 vocantes
460 2964 551 3032 prisco
569 2965 683 3018 nomine
702 2964 886 3030 adverbium,
905 2966 982 3032 quod
1001 2968 1041 3032 (q;
1054 2966 1091 3034 L)
1104 2966 1223 3020 adheret
1234 2967 1331 3030 verbo,

306 3030 426 3106 alteram
450 3029 656 3106 expressorium
672 3032 721 3148 pet
737 3032 909 3099 pressorium
928 3031 967 3097 L)
984 3033 1133 3086 nominant
1151 3032 1257 3086 etenim
1276 3048 1333 3100 que

306 3096 465 3149 nominibus
483 3095 530 3150 vel
547 3125 581 3136 —-
598 3100 671 3165 signi
693 3099 767 3151 cant

373 3293 514 3372 incipis
538 3294 688 3374 onasus
711 3283 761 3376 nn
783 3294 974 3374 novennio
993 3298 1049 3366 Νη
1063 3304 1082 3376 ρ
1105 3298 1222 3376 historia
1241 3297 1333 3420 upa

306 3377 394 3429 presrs
412 3361 454 3426 N,
473 3365 634 3431 praeceptis
650 3363 715 3417 Illac
728 3364 767 3431 119
785 3379 896 3440 prosprs
913 3364 956 3431 N,
997 3381 1040 3444 ers
1061 3367 1132 3443 iouis
1142 3365 1207 3443 Mas
1218 3366 1278 3420 iae
1298 3366 1331 3419 it.

306 3429 418 3560 ffieffl'
430 3435 466 3548 ἐξ
483 3429 637 3550 {ifilffiff
654 3430 690 3484 N
705 3432 715 3498 ΙΙ
728 3430 806 3500 cum]
825 3447 854 3482 rn
874 3431 940 3486 add.
993 3449 1023 3485 cc
1039 3383 1204 3500 tl’ephnomi
1222 3432 1253 3487 N
1270 3433 1281 3500 ΙΙ
1299 3438 1332 3487 12
