3210 4162
646 326 710 385 Vll.
738 327 787 383 DE
807 326 941 384 UllllBO.
1263 330 1307 395 59

275 481 322 546 sic
348 485 414 562 lepo
443 485 531 578 topos
553 479 671 545 celatio
694 480 822 544 consilii
845 483 909 560 est,
939 483 974 545 at
996 485 1062 564 lopo
1084 482 1161 564 tepis
1183 483 1305 546 tectum

274 564 420 630 uissibile
454 585 481 628 sr
533 564 539 577 '
566 567 635 662 eat}
676 564 722 628 sic
759 565 799 631 do
838 565 898 630 das
934 565 991 631 dat
1027 565 1157 648 isponte
1196 565 1306 652 largiti

275 654 339 728 est,
370 649 447 715 dedo
503 649 571 715 edis
602 669 653 713 urs
682 648 792 734 regiae
820 648 946 714 coactio
973 652 1032 714 est.
1084 649 1132 715 sio
1158 649 1304 716 Cicero

275 734 354 798 dicit
375 733 498 800 maeoti
520 735 557 798 ire
578 734 771 800 dedicionem
793 733 1018 801 Romanorum
1039 735 1116 800 iare
1137 737 1304 817 suscepere.

274 818 323 882 sio
351 817 449 881 etiam
472 817 575 899 probo
590 818 712 903 probos
734 816 869 881 alicuius
890 817 939 882 rei
960 817 1155 882 examinatio
1177 823 1243 901 est,
1272 822 1307 882 at
1332 836 1345 876 1

269 902 372 984 probo
390 901 502 982 probis
524 921 598 965 curn
620 922 737 965 manus
752 900 948 965 medicorum
965 902 1222 986 aegrescentium
1237 924 1306 968 cor·

274 1005 354 1070 pora
381 987 596 1049 contractant
643 985 690 1049 sio
721 987 755 1048 et
774 985 847 1050 nolo
869 985 961 1050 nolas
983 985 1118 1049 uolatile
1141 991 1205 1067 est,
1233 990 1306 1054 uolo

273 1069 327 1134 ais
347 1067 570 1132 uoluntarium
593 1071 653 1133 est.
695 1067 741 1133 sic
764 1071 797 1132 et
819 1087 892 1150 copo
914 1070 998 1151 copis
1018 1069 1223 1134 necessitatis
1247 1075 1305 1152 est,

274 1156 310 1217 at
330 1171 401 1249 copo
423 1171 518 1234 copas
539 1151 728 1216 coniunctio
752 1151 860 1216 uxoris
881 1152 923 1216 ad
945 1151 1061 1217 uirum.
1095 1172 1231 1236 assarpo
1240 1174 1306 1237 pas

273 1235 410 1301 aliomus
432 1235 669 1301 nominationis
691 1235 761 1299 siue
783 1235 1056 1320 praesumptionis
1078 1240 1136 1313 est,
1159 1241 1193 1302 at
1212 1254 1345 1303 usar-10

269 1341 329 1405 pec
352 1339 409 1403 pes
435 1319 603 1386 inchoatio
626 1319 889 1402 conscriptionis.
934 1320 1039 1385 omnis
1061 1321 1247 1405 coniugatio
1271 1324 1305 1387 in

273 1405 364 1470 omni
386 1403 487 1468 uerbo
510 1405 618 1468 aetiuo
641 1406 675 1468 et
688 1403 832 1468 neutrali
847 1406 923 1468 ante
943 1405 1153 1468 nouissimam
1175 1405 1305 1469 literam

273 1510 296 1554 o
317 1487 436 1570 recipit
456 1487 510 1551 uel
532 1507 549 1552 a
569 1486 624 1551 uel
645 1488 669 1569 i,
692 1487 727 1551 in
750 1485 841 1552 omni
862 1490 970 1551 autem
992 1489 1123 1571 pessino
1139 1489 1305 1553 communi

273 1576 307 1637 et
329 1570 506 1654 deponenti
528 1575 606 1634 ante
633 1570 848 1635 nouissimam
875 1569 1033 1652 syllabam
1053 1570 1179 1635 hisdem
1201 1571 1304 1636 literis

272 1655 387 1720 utitur.
425 1658 502 1718 sunt
525 1653 626 1717 uerba
647 1654 769 1718 nullius
793 1653 1040 1738 coniugationis,
1066 1676 1148 1738 quae
1170 1655 1206 1719 in
1229 1677 1304 1721 con·
1321 1673 1343 1713 ¹⁵

272 1741 443 1803 sonantem
466 1737 619 1801 desinunt
635 1741 672 1802 ut
687 1757 761 1803 enne
780 1756 909 1819 possum
923 1737 1059 1802 literam.
1089 1741 1139 1801 est
1148 1743 1240 1820 poteo
1256 1760 1304 1803 se-

273 1822 397 1887 cundae
419 1821 658 1918 coniugationis
681 1824 714 1885 et
735 1820 902 1903 potentiae
917 1819 1064 1899 maioris,
1086 1821 1142 1885 sed
1163 1824 1305 1887 secunda

272 1926 413 1991 persona
434 1905 553 1989 priona
574 1905 667 1969 uerbi
679 1910 769 1988 potes
783 1903 903 1988 corripi
918 1904 1023 1988 debet,
1045 1905 1211 1988 sequentis
1226 1928 1304 1971 uero

272 1989 480 2073 producenda
500 1992 550 2053 est
559 1995 657 2070 potes.
691 1993 769 2053 sunt
782 1990 839 2084 qui
854 1988 966 2053 dicunt
978 1988 1138 2135 fluaedam
1154 1990 1254 2054 uerba
1269 1991 1304 2055 in

272 2075 286 2140 ι’
301 2074 348 2138 ire
363 2076 396 2138 et
408 2075 583 2157 propterea
593 2071 715 2136 nullius
728 2071 966 2156 coniugationis
1002 2073 1048 2136 eri
1060 2077 1098 2138 ut
1108 2075 1240 2139 memini
1252 2075 1305 2139 odi
1318 2089 1343 2130 20

272 2159 360 2224 noui.
384 2156 440 2221 sed
452 2177 512 2221 nos
524 2156 648 2221 multae
660 2176 715 2221 eos
725 2155 876 2220 lectionis
888 2156 1081 2221 anctoritate
1095 2156 1303 2221 reuinoimus.

273 2241 458 2306 innenimus
469 2239 557 2304 enim
569 2260 647 2323 sepe
657 2260 735 2305 noro
748 2241 838 2305 nores
848 2242 935 2304 norit
946 2242 979 2303 et
989 2239 1025 2303 in
1036 2242 1213 2323 praeterito
1225 2244 1304 2305 tem-

272 2346 350 2422 pore
365 2325 400 2388 in
415 2325 460 2402 ai,
476 2323 523 2387 sio
541 2326 574 2387 et
588 2324 660 2389 odio
672 2324 723 2388 dis
739 2325 787 2387 dit
801 2323 901 2388 odiat.
929 2324 1061 2388 memini
1076 2327 1183 2388 autem
1198 2325 1304 2388 solum

272 2430 307 2472 1n
323 2429 340 2473 o
356 2407 443 2473 exire
458 2427 525 2470 non
540 2406 679 2490 repperi.
713 2410 791 2471 sunt
810 2408 909 2470 uerba
923 2407 1038 2470 tertiae
1053 2407 1303 2492 coniugationis‚

272 2513 355 2576 quae
386 2494 521 2574 accepta
553 2489 767 2574 productione
798 2510 912 2555 sensus
945 2491 1109 2555 inmotant
1141 2495 1177 2555 ut
1207 2492 1301 2557 uinco
1316 2503 1344 2544 ²⁵

270 2577 377 2641 aiacis
404 2575 443 2639 de
472 2573 610 2640 uictoria
639 2577 672 2638 et
694 2573 794 2639 habet
815 2575 850 2638 in
872 2574 1047 2657 praeterito
1070 2577 1216 2657 tempore
1238 2577 1305 2640 uici

272 2664 306 2724 et
326 2661 431 2724 uictas
452 2678 525 2723 enm
547 2658 582 2721 in
605 2657 745 2741 passiuo,
769 2660 805 2722 at
826 2659 933 2722 aiecio
947 2659 1053 2722 uicere
1068 2657 1107 2721 de
1122 2657 1255 2723 uinculo
1272 2662 1305 2723 et

272 2742 372 2806 habet
393 2743 427 2805 in
448 2741 626 2839 praeterito
647 2743 760 2806 uincet
780 2745 814 2804 et
828 2740 957 2824 passiuo
972 2743 1193 2807 armassem.
1227 2745 1305 2806 sunt

271 2830 306 2891 et
334 2826 399 2890 alia
426 2824 571 2890 emsdem
599 2824 840 2910 coniugationis
868 2845 931 2889 nec
958 2825 993 2889 in
1017 2828 1123 2889 totum
1145 2825 1304 2909 producta

273 2957 478 2968 *-

341 3033 354 3080 1
374 3025 483 3080 calano
502 3026 557 3142 {l
576 3023 620 3083 rr,
638 3025 706 3093 tego
723 3001 833 3078 teatin
851 3022 885 3078 N
899 3025 938 3092 ι1
956 3023 1007 3079 eat
1023 3025 1136 3093 reponte
1155 3023 1219 3080 ΡΝ
1227 3026 1237 3092 ιι
1250 3023 1304 3078 rar-

270 3105 339 3214 gila
358 3144 439 3212 Νιι1
457 3143 548 3225 vaga
566 3142 609 3196 rar
631 3144 739 3196 cosano
764 3143 829 3210 (ar
847 3141 936 3195 viana
955 3143 988 3197 oa
1004 3143 1069 3211 ιιι.)
1088 3140 1123 3196 Ν
1136 3142 1146 3210 ι
1159 3141 1204 3196 ef.
1228 3141 1303 3195 eo-

270 3229 414 3295 suscipere
432 3240 484 3284 orn.
503 3227 538 3281 N
545 3228 585 3294 [15
604 3225 692 3280 etiam
710 3240 762 3278 om.
774 3226 808 3279 N
816 3227 827 3293 11
839 3227 929 3295 probo
941 3225 993 3279 bas
1005 3225 1037 3279 N
1047 3227 1058 3293 l
1070 3224 1115 3278 61.
1128 3225 1304 3280 medicorum

271 3309 391 3372 corpora
409 3295 438 3361 (a
449 3296 531 3362 corr.)
550 3292 711 3347 contrectat
723 3290 757 3344 N
766 3293 776 3360 ΙΙ
790 3297 806 3346 6
818 3308 904 3362 corpo
916 3293 944 3346 P
956 3295 995 3413 Ψ
1008 3295 1038 3346 et
1049 3307 1100 3350 om.
1112 3290 1148 3344 N
1161 3294 1166 3359 Ι
1179 3297 1195 3346 8
1208 3295 1303 3361 cogas]

272 3358 941 3437 eoleltadvirumomNJlloestom.
998 3359 1106 3427 nau&
1171 3360 1304 3437 ”usurpo

271 3428 306 3483 N
318 3430 323 3497 ι
335 3442 438 3496 surpeo
456 3427 485 3481 P
497 3429 508 3495 l
522 3433 552 3481 11
571 3425 759 3480 omme-dun
776 3441 828 3480 om.
840 3426 874 3480 N
882 3427 893 3494 ΙΙ
909 3432 939 3481 13
956 3427 1050 3494 passio
1067 3425 1117 3493 Pn
1132 3430 1163 3480 18
1180 3427 1305 3496 oorrrppi

271 3528 321 3596 Pl
334 3534 367 3582 eo
384 3527 456 3580 num
472 3529 485 3580 a
503 3527 553 3596 Pl
567 3532 599 3580 er
614 3504 1063 3604 calaritanensem
1080 3529 1114 3592 ιο
1132 3527 1160 3581 P
1172 3528 1182 3594 l
1196 3532 1229 3580 es
1240 3541 1305 3596 pro-

270 3594 408 3649 ducoione
427 3594 456 3648 P
467 3595 478 3662 l
491 3599 524 3648 2ss
542 3593 610 3662 vici]
630 3607 706 3648 emor
723 3593 759 3647 P.
