3210 4162
314 291 375 356 162
543 290 620 345 VIR(
636 291 696 345 [1111
713 290 882 347 MARONIS
898 289 1108 349 EPISTOLAE.

312 443 412 526 sumi,
440 442 630 526 quibusdam
659 462 736 508 uero
766 443 941 507 seeundum
964 442 1122 508 Galbun
1129 443 1169 526 gi
1190 442 1337 508 traditio·

311 547 385 591 nem
419 526 639 590 asserentibus
673 529 823 590 octauum
856 527 964 609 potius
997 528 1161 609 utriusque
1194 527 1338 591 nominis

310 611 398 674 huno
420 630 546 674 cassum
570 609 684 674 sentiri
699 613 858 691 oportere.
888 609 974 692 quod
989 614 1022 673 et
1035 612 1192 673 Aeneas
1209 609 1337 692 probet,

311 692 396 756 unde
419 697 452 758 et
474 692 619 757 scribens
641 692 722 757 mihi
750 692 913 776 quoddam
935 714 1054 757 nomen
1077 694 1123 756 ita
1145 693 1338 758 deelinsuit:

284 797 297 837 s
306 795 442 859 prosse,
465 777 629 858 prosonts,
652 779 803 859 promsi,
820 795 999 858 prososem.
1037 779 1163 840 etcum
1185 775 1227 839 ad
1250 777 1337 840 able·

310 861 415 924 tiuum
437 861 597 939 uenisset,
620 860 758 924 eundem
780 881 905 924 cassum
928 859 1107 942 triplieauit
1128 860 1322 925 caraxando.

397 942 497 1008 Cuius
525 943 572 1006 rei
601 963 715 1026 ergum
737 943 915 1027 inquirenti
936 943 1033 1024 mihi,
1062 943 1108 1007 ite
1130 943 1269 1007 exsoluit
1291 945 1337 1008 di-

311 1048 403 1091 cens:
432 1032 537 1093 sextus
558 1046 667 1108 casus,
696 1028 752 1107 qus·
775 1033 819 1092 est
839 1028 1001 1093 abiutiuus
1023 1032 1052 1091 et
1071 1029 1221 1108 septimus
1243 1032 1338 1109 atque

310 1115 440 1174 ociosus
468 1111 648 1175 litterarum
667 1109 776 1189 forma
796 1111 915 1175 similes
935 1116 1025 1189 sust,
1054 1111 1120 1174 sisi
1141 1112 1276 1175 dictione
1299 1132 1338 1176 ue

270 1195 479 1258 rosentestise
500 1194 654 1273 quotieas
675 1194 934 1275 discrepassent.
967 1195 1022 1257 sed
1042 1194 1071 1256 si
1085 1215 1107 1256 a
1122 1195 1257 1258 dictione
1271 1195 1338 1259 dis·

308 1281 498 1359 cernuntur,
521 1276 663 1341 ablutiso
685 1295 761 1341 casu
784 1277 836 1341 ‘ab
857 1277 914 1340 hoe
923 1296 1060 1357 prosooe
1074 1277 1148 1341 bene
1163 1277 1337 1341 clamatum

308 1363 373 1426 est’.
412 1361 543 1441 septimo
576 1378 653 1424 casu
687 1360 754 1423 ‘hoe
779 1379 917 1441 prosooe
949 1361 1132 1425 clamatore
1156 1359 1336 1438 fruuntur&

307 1443 392 1507 uude
418 1443 612 1524 reprobandi
638 1447 713 1508 sust
739 1445 795 1522 qur·
821 1443 931 1506 dieunt
957 1443 1124 1522 ‘t'ruurdsr
1150 1443 1190 1508 ab
1213 1463 1246 1507 eo
1268 1445 1337 1508 siue

308 1547 379 1590 eum
399 1529 468 1591 siue
489 1528 579 1608 eius’,
601 1526 786 1591 huiusmodi
807 1528 892 1590 esim
914 1525 1045 1591 uerbum
1065 1529 1178 1608 fruor,
1207 1527 1288 1591 sieut
1309 1532 1338 1592 et

270 1633 294 1673 ιε
306 1610 465 1675 nosnullo
479 1611 617 1690 sissia,
639 1611 723 1674 solli
737 1610 783 1674 uis·
797 1612 889 1675 casui
902 1611 969 1674 sisi
983 1611 1042 1675 soii
1056 1612 1185 1690 septimo
1200 1611 1338 1692 udisspi

308 1693 402 1757 debet.
436 1697 549 1758 octauo
572 1698 679 1758 autem
700 1712 778 1758 casu
800 1694 868 1757 ‘hoe
879 1713 1014 1770 prosose
1028 1695 1244 1759 declamans.
1277 1714 1337 1775 pro

308 1798 371 1859 quo
401 1796 510 1854 cassu,
539 1779 577 1839 ut
604 1776 759 1856 diximus,
781 1777 1007 1840 ¹¹nominstiuus
1035 1776 1070 1839 in
1097 1777 1238 1840 lectione
1260 1796 1336 1861 sepe

331 1859 454 1940 onitur,
488 1858 529 1922 ob
556 1859 643 1923 hene
671 1862 751 1941 puto
780 1859 1023 1941 necessitatem,
1057 1859 1135 1941 quie
1162 1861 1197 1923 in
1224 1858 1336 1923 eadem

307 1881 450 2006 dictione
465 1942 548 2005 alius
563 1942 784 2006 nominetiuus
800 1963 908 2006 sessus
923 1944 1021 2006 uerbo
1036 1943 1226 2025 principali,
1251 1943 1336 2024 quod

268 2048 294 2089 so
307 2023 448 2108 primum
480 2024 640 2107 loquitur,
679 2026 893 2108 personaliter
928 2026 1134 2107 adiungatur.
1183 2026 1267 2089 sieut
1300 2027 1337 2089 in

307 2128 402 2170 uersu
425 2108 629 2190 Bregsndi
645 2108 842 2191 Lugeniei
865 2109 1019 2192 legimus:
1042 2109 1127 2173 solus
1143 2107 1220 2173 Caio
1236 2109 1335 2192 miles,

301 2192 441 2274 popolus
455 2193 615 2268 turbatus,
638 2194 675 2256 is
690 2194 755 2256 aeis
774 2193 866 2257 stetit.
901 2193 992 2337 ‹puasi
1007 2192 1069 2255 hoe
1084 2192 1234 2255 dixisset:
1251 2193 1337 2257 solus

305 2275 421 2356 populo
449 2276 575 2339 turbato
602 2277 694 2340 stetit.
739 2277 825 2357 quod
859 2297 914 2338 mu
929 2277 954 2338 ti
984 2276 1114 2357 penitus
1143 2277 1335 2358 ignorantes

306 2357 443 2421 uerbum
470 2378 623 2440 possuere
651 2362 709 2439 est,
738 2360 822 2440 quod
853 2359 985 2422 omnino
1012 2359 1081 2422 sine
1104 2359 1333 2421 coniunctione

269 2463 295 2503 ss
308 2442 427 2504 causali
456 2441 526 2504 fieri
553 2461 621 2504 non
643 2444 759 2523 potest.
798 2463 875 2505 num
898 2442 926 2505 si
948 2441 1159 2524 hyperbatice
1182 2462 1272 2505 more
1294 2445 1329 2504 in

305 2525 411 2586 medis
433 2524 574 2587 dictione
589 2525 752 2587 conmixto
767 2524 865 2588 alium
882 2524 1028 2588 ordinem
1044 2527 1222 2606 posuisset,
1247 2524 1334 2588 sieut

305 2628 372 2669 non
395 2626 468 2669 raro
490 2607 643 2690 legimus,
665 2607 726 2670 hoe
749 2608 844 2671 modo
867 2608 1016 2692 egregius
1033 2609 1143 2671 doctor
1159 2606 1332 2671 edidisset:

304 2691 389 2754 solus
410 2691 513 2773 miles,
536 2693 684 2755 turbatus
704 2692 790 2754 esim
806 2692 947 2772 populus
967 2695 1027 2772 est,
1048 2693 1085 2755 is
1107 2693 1173 2756 asie
1192 2693 1285 2756 stetit.

391 2771 453 2836 Sed
481 2795 571 2837 nunc
599 2775 638 2838 ad
666 2774 829 2857 participii
856 2775 1104 2857 expositionem,
1133 2774 1218 2838 unde
1247 2794 1330 2856 pene

267 2877 292 2916 so
306 2877 470 2920 excessum
499 2861 562 2936 est,
590 2862 750 2940 oportune
777 2861 983 2921 reuertamur.
1022 2858 1226 2941 participium
1255 2877 1329 2938 pars

306 2941 486 3002 eommunis
515 2944 564 3003 est
592 2940 766 3022 orationis,
796 2941 884 3024 quod
910 2941 1084 3024 generibus
1113 2947 1146 3005 et
1169 2939 1330 3023 signifiea-

305 3022 450 3086 tionibus
473 3023 644 3087 suffonitur
666 3045 704 3088 ae
726 3025 915 3088 suffulcitur.
954 3024 1010 3087 sed
1029 3023 1235 3106 participium
1250 3028 1332 3087 tem·

305 3107 393 3189 poris
422 3108 603 3188 praesentis
632 3128 671 3171 ex
698 3108 828 3171 nomine
856 3108 960 3170 omnis
990 3107 1118 3190 generis
1148 3128 1216 3170 esse
1247 3105 1331 3169 diffi-

374 3322 629 3406 enoministic)
641 3339 676 3392 N
683 3341 694 3407 lt
706 3344 722 3391 4
736 3339 872 3406 quodiam
881 3338 916 3391 N
924 3339 962 3406 tlt
978 3337 1137 3392 caraxandu
1146 3338 1180 3391 N
1188 3351 1257 3392 oorr.
1266 3337 1334 3391 Mai

306 3405 320 3472 ΙΙ
333 3410 364 3458 10
383 3403 483 3459 edocte
502 3404 537 3457 N
550 3419 620 3464 sorr.
636 3405 702 3459 Mai
718 3406 728 3474 ΙΙ
749 3413 779 3461 19
797 3406 879 3460 verbi
895 3405 930 3458 N
944 3420 1013 3461 sorr.
1031 3405 1096 3459 Mai
1113 3407 1123 3473 11
1140 3411 1173 3458 22
1191 3403 1256 3458 solii
1273 3404 1308 3457 N
1315 3404 1330 3473 11

304 3472 551 3592 Ξὲωἶῑξξθτξῗὲἒὲι
553 3472 596 3592 121
603 3474 614 3540 ΙΙ
626 3478 659 3526 26
677 3473 763 3526 sliam
781 3473 815 3526 N
825 3476 834 3540 ΙΙ
848 3479 880 3527 33
893 3479 956 3538 post
979 3472 1117 3526 diffinitur
1138 3478 1227 3526 cetera
1248 3473 1331 3525 verbu
