3210 4162
740 319 790 376 111.
817 319 867 374 os
884 318 1017 376 unaco.
1336 324 1398 389 145

364 473 470 558 magis
503 475 630 552 coacta,
668 492 766 554 quam
799 472 927 537 ratione
963 472 1110 536 ueritatis
1144 473 1293 537 uideatur
1326 493 1396 539 esse

365 556 518 639 subnixa,
545 555 707 639 reliquum
735 553 883 620 ordinem
911 575 976 639 quo
1003 556 1038 619 in
1060 555 1202 621 secunda
1223 556 1277 621 uel
1298 559 1397 622 tertia

365 639 596 724 coniugatione
624 659 684 722 per
711 639 859 724 singulos
887 639 1118 723 cuiuscumque
1146 640 1237 705 uerbi
1259 643 1398 706 utuntur

364 725 478 790 modos
500 723 636 788 reticere
659 723 774 788 melius
797 744 895 806 quam
918 723 1050 808 exsequi
1071 726 1161 807 puto.

450 806 614 873 Nonnulli
637 805 677 870 de
699 807 894 890 imperatiuo
917 808 1014 872 modo
1038 807 1260 891 quaestionem
1274 808 1398 892 dicunt,
1423 827 1437 868 s

365 913 465 976 quare
487 893 624 974 primam
644 910 819 973 personam
839 911 907 956 non
922 891 1040 956 habeat
1061 891 1237 956 secundum
1252 913 1327 980 nos,
1343 894 1399 977 qui

365 975 451 1040 hanc
479 995 638 1060 negamus
667 995 762 1057 posse
790 974 893 1039 latine
921 975 995 1040 dici.
1033 978 1174 1040 ceterum
1200 976 1236 1040 in
1257 977 1398 1060 quodam

365 1060 546 1141 uolumine,
581 1057 667 1142 quod
702 1079 721 1120 a
753 1057 968 1122 Torrentio
1001 1058 1208 1122 Mamillio
1241 1061 1398 1143 scriptum

367 1142 545 1208 adtitulant
565 1142 613 1206 ita
634 1141 822 1223 inuenitur,
850 1142 1063 1225 imperatiuus
1085 1142 1200 1206 modus
1222 1142 1398 1207 secundum

365 1232 433 1291 tres
449 1246 621 1310 personas,
645 1225 918 1309 quemadmodum
933 1227 1046 1305 ceteri,
1071 1226 1217 1294 inflexus.
1248 1227 1295 1291 sic
1311 1227 1399 1291 enim
1412 1245 1437 1284 ιο

365 1311 518 1374 habetur:
547 1309 690 1391 laudem,
720 1308 837 1391 laada,
867 1308 1022 1374 addentes
1047 1330 1087 1373 ue
1109 1309 1145 1372 in
1166 1310 1308 1374 secunda
1328 1331 1399 1393 per·

367 1414 448 1458 sona
477 1393 536 1457 sub
562 1391 772 1457 distinctione
795 1392 942 1457 scribunt
962 1393 1014 1458 ael
1068 1393 1152 1457 ades.
1191 1393 1238 1456 sic
1260 1394 1399 1473 doceam,

366 1479 438 1543 doce
465 1477 518 1541 uel
546 1477 672 1558 doceas3
703 1476 855 1559 audiam,
885 1477 966 1542 cadi
994 1476 1047 1540 uel
1069 1476 1205 1558 cadias3
1232 1495 1399 1558 quaeram,

366 1561 557 1644 quaereus]
581 1578 734 1643 quaeras,
757 1563 791 1625 et
812 1560 953 1625 neutrali
976 1560 1076 1625 uerbo
1097 1561 1239 1644 sedeam,
1261 1562 1331 1627 sede
1347 1560 1400 1626 uel

366 1648 493 1723 sedeas,·
515 1644 692 1725 dormiam,
715 1644 820 1709 dorem
834 1644 888 1708 uel
903 1645 1055 1709 dormias.
1088 1644 1219 1725 passiuo
1235 1645 1400 1708 communi
1414 1660 1439 1702 1⁵

367 1731 400 1792 et
423 1727 599 1811 deponenti
621 1728 752 1807 loquar,
776 1727 900 1808 loquere
920 1725 972 1791 uel
994 1727 1151 1808 loqaum's3
1178 1727 1314 1808 almior,
1335 1728 1399 1808 plo-

366 1815 457 1878 m'ore
477 1810 529 1876 uel
550 1810 714 1892 adommim
743 1810 865 1893 horter,
896 1810 1025 1876 doctore
1052 1809 1107 1873 uel
1127 1810 1271 1875 sama.
1310 1814 1345 1874 et
1364 1811 1401 1873 in

367 1895 479 1959 futuro
500 1899 647 1976 tempore
663 1891 805 1957 eiusdem
822 1892 912 1957 modi
926 1894 974 1956 sic
987 1892 1141 1957 habetur:
1164 1894 1305 1974 tamdem,
1329 1893 1400 1958 lam

367 1980 443 2043 dato
465 1978 518 2041 uel
540 1978 650 2042 laedes
673 1980 707 2039 et
728 1976 776 2040 sic
797 1995 856 2059 per
879 1979 987 2040 cetera
1008 1975 1117 2039 uerba.
1149 1975 1213 2040 hoc
1234 1980 1344 2040 utrum
1359 1975 1402 2039 sit

368 2062 431 2125 hac
445 2061 574 2125 ratione
588 2060 740 2143 plenum,
763 2080 806 2124 an
822 2059 1159 2142 consuetudinarium,
1174 2059 1273 2123 immo
1289 2059 1400 2142 potius
1413 2075 1439 2117 ao

368 2146 538 2227 uitiosum,
561 2143 636 2207 nolo
660 2142 827 2207 audaciter
849 2143 1046 2227 discernere3
1069 2143 1145 2226 quia
1167 2144 1228 2208 etsi
1250 2163 1310 2207 nos
1332 2162 1402 2207 non

367 2229 545 2293 habeamus
567 2228 601 2290 in
623 2248 700 2308 usu,
723 2227 775 2290 uel
799 2226 1025 2291 declinationis
1040 2227 1141 2309 ipsius
1156 2227 1210 2290 uel
1226 2227 1400 2290 celebrium

368 2312 545 2377 lectionum
568 2313 655 2375 certe
677 2331 751 2373 rara
772 2311 913 2374 lectione
935 2309 1089 2373 docemur
1111 2330 1177 2373 non
1197 2309 1401 2392 usqueadeo

368 2416 545 2474 rennuere,
564 2394 591 2457 si
605 2393 692 2457 forte
708 2393 797 2457 conti
823 2395 886 2457 erit
900 2394 1036 2477 primam
1052 2413 1225 2478 personam
1239 2393 1275 2456 in
1291 2413 1401 2475 supra·

369 2482 547 2542 memorato
569 2476 713 2541 inueniri
734 2497 788 2541 mo
810 2496 838 2540 o.
1414 2492 1440 2530 ²5

455 2562 532 2625 Alia
554 2560 700 2708 puaestio
723 2563 774 2624 est·
795 2581 877 2643 quae
900 2559 1055 2643 quosdam
1083 2561 1210 2641 mouet,
1239 2558 1401 2642 quomodo

370 2648 462 2729 quasi
492 2666 555 2709 con
572 2644 637 2708 usis
666 2643 719 2708 uel
743 2644 925 2708 commixtis
948 2642 1053 2707 modis
1075 2642 1257 2707 infinitiuus
1278 2641 1401 2707 indica·

370 2730 438 2794 tiuo
460 2729 513 2792 uel
536 2728 682 2875 optatiuo
705 2727 914 2812 adiungitur,
937 2747 1066 2790 necnon
1089 2728 1121 2790 et
1144 2726 1400 2791 coniunctatiuo.

370 2815 416 2877 sic
444 2813 532 2877 enim
585 2813 661 2876 abes
683 2813 753 2876 dieo
776 2813 856 2876 dicis
877 2811 931 2875 uel
954 2812 1055 2875 dicere
1075 2812 1167 2891 dicit,
1196 2811 1331 2876 dicimus
1353 2810 1401 2875 di·

370 2899 440 2961 citis
462 2897 573 2960 dicuat
592 2895 645 2958 uel
668 2895 778 2959 dicere.
812 2898 959 2976 tempore
980 2895 1106 2957 futuro:
1131 2895 1237 2958 dicam
1251 2895 1334 2958 dices
1348 2894 1402 2956 uel
1416 2907 1441 2946 ευ

370 2981 587 3061 diomedeam,
615 2979 754 3043 dicamas
776 2979 885 3042 dicetis
906 2979 1009 3042 dicent
1030 2977 1081 3040 uel
1104 2978 1215 3042 dicere.
1254 2975 1402 3059 optatiuo

372 3084 499 3212 qam
518 3062 625 3211 alla
640 3059 1403 3210 staaldalctaldltladlas

370 3169 442 3295 dala
470 3231 643 3295 diceremas
670 3229 814 3294 diceretis
836 3193 974 3294 discredat
994 3228 1046 3290 uel
1070 3229 1187 3293 dicere:
1218 3230 1251 3290 et
1272 3191 1307 3289 iri
1330 3246 1403 3308 pas·

440 3453 457 3498 4
474 3446 622 3501 reddioere
635 3447 666 3501 N
677 3447 718 3514 118
735 3446 772 3499 ad
784 3447 819 3500 N
826 3460 897 3503 com.
910 3447 976 3500 Mai
987 3448 998 3515 l
1013 3449 1043 3499 lo
1056 3444 1180 3513 loqueris
1193 3443 1227 3498 N
1235 3444 1245 3512 1
1260 3448 1291 3496 17
1303 3442 1404 3495 horlar

372 3513 404 3567 N
437 3518 471 3566 20
489 3527 522 3566 ac
539 3512 583 3581 N,
601 3514 667 3580 som.
685 3513 856 3567 adiectioam
874 3514 1038 3568 antecedens
1055 3512 1161 3566 eccidit
1173 3512 1183 3578 11
1196 3517 1229 3564 22
1247 3509 1403 3579 celebrium

373 3580 407 3642 N
415 3582 420 3648 1
438 3585 472 3633 24
490 3580 651 3650 contegerit
668 3579 766 3648 Ν1127
787 3579 949 3634 commixtis
966 3579 1068 3634 modus
1086 3577 1124 3633 N.

423 3673 501 3724 virga
515 3673 550 3714 ed.
565 3674 674 3714 Haemos.
1166 3666 1197 3715 10
