3210 4162
747 305 813 364 .·111.
839 305 889 361 Do
910 305 1042 366 UllltBO.
1357 309 1419 374 139

391 460 488 526 etiam
516 458 762 543 inehogatiuam
799 458 951 523 omnibus
980 458 1262 545 coniugationibus
1296 462 1420 545 tempo-

389 545 480 610 ribus
507 542 614 608 uerbis
643 541 827 608 ministrare
851 543 979 608 dicebat
1001 545 1038 608 ut
1065 544 1181 610 calesco
1207 546 1357 628 eelesero',
1387 549 1421 610 et

390 631 424 694 in
454 629 594 694 secunda
622 649 762 713 persona
789 629 934 707 soluisti‚·
965 633 999 693 et
1026 628 1085 693 tali
1115 630 1210 694 modo
1239 631 1273 693 in
1301 630 1419 713 plurali

390 734 524 778 numero
546 713 752 780 celeseuimus
774 713 927 778 coluistis.
962 711 1091 777 dicebat
1105 714 1202 778 etiam
1218 714 1421 798 unumquod-

390 818 454 882 que
487 797 622 862 uerbum
658 797 737 860 duas
770 796 889 861 habere
923 797 1044 861 formas
1078 797 1337 881 frequentatiuas
1365 797 1419 862 uel
1445 816 1459 857 s

390 885 457 946 tres
479 884 516 944 ut
538 881 602 964 lopo
625 881 699 946 lecto
722 881 812 962 lepido
836 880 950 965 leotit03
975 883 1008 945 et
1029 880 1088 945 has
1111 883 1177 945 tres
1199 881 1323 964 primae
1342 901 1419 945 oon·

388 964 565 1049 iugationis
589 985 657 1029 ease
681 964 826 1028 docebat.
860 962 1001 1028 formam
1024 984 1154 1047 quoque
1175 964 1418 1114 inohopatiuam

390 1048 519 1112 dualem
542 1069 611 1114 esse
633 1047 763 1113 dicebat
784 1049 821 1111 ut
843 1047 960 1113 oulesoo
976 1047 1106 1130 calesco,
1130 1048 1262 1129 liquesco

389 1153 492 1200 ooesoo
515 1135 624 1202 oeiseo.

475 1218 534 1284 Oui
568 1218 738 1282 Sedulus
768 1217 952 1300 Romanus,
985 1219 1035 1283 uir
1069 1219 1252 1284 ammodum
1285 1219 1419 1303 ingenio
1434 1239 1459 1279 ro

391 1305 503 1368 acutus
526 1304 622 1385 atque
639 1299 825 1384 eloquentia
839 1303 918 1366 satis
933 1302 1081 1384 floridus,
1106 1303 1216 1367 taliter
1229 1322 1420 1385 responsum

391 1386 688 1470 conpositissimum
710 1384 813 1449 dedit:
849 1405 868 1448 o
891 1385 942 1448 uir
964 1386 1050 1450 bone
1073 1407 1111 1450 ao
1134 1386 1303 1450 mitissime
1327 1385 1419 1467 ciuis,

386 1469 460 1536 noli
482 1471 614 1534 turbare
637 1468 750 1532 sedata
771 1468 997 1533 Romanorum
1019 1469 1156 1552 scripta,
1181 1490 1262 1552 quae
1285 1469 1325 1533 ab
1347 1470 1419 1551 ipsa

390 1553 562 1617 latinitatis
582 1551 810 1616 constitutione
825 1552 947 1616 inlesaa
962 1555 995 1616 et
1010 1553 1202 1617 inconeussa
1217 1574 1304 1617 nuno
1319 1573 1419 1635 usque

389 1638 614 1720 perdurarunt.
653 1634 711 1699 has
741 1635 861 1700 etenim
891 1635 1065 1700 uerborum
1094 1635 1215 1699 formas
1237 1637 1302 1700 suis
1324 1634 1419 1700 lineis
1435 1653 1460 1694 15

389 1742 512 1805 suoque
524 1720 636 1784 ordine
644 1719 790 1784 Romana
799 1719 1065 1803 eloquentissima
1077 1740 1273 1804 conposuere
1286 1719 1418 1804 scripta,

390 1809 427 1868 ut
448 1806 554 1868 forma
575 1803 818 1886 frequentetiua
841 1803 937 1867 certis
959 1805 1068 1868 uerbis
1095 1802 1237 1868 aooedat.
1283 1804 1311 1868 si
1334 1804 1420 1868 enim

371 1889 374 1895 ’
391 1890 541 1952 omnibus
564 1888 672 1951 uerbis
695 1885 830 1951 eandem
846 1887 986 1951 formam
1003 1887 1154 1951 aooedere
1168 1888 1306 1951 fidenter
1320 1908 1419 1951 asser·

391 1972 508 2050 rueris,
541 1991 671 2036 neeesse
694 1970 830 2034 habebis
854 1970 1001 2054 exempla
1024 1971 1184 2053 proferre,
1207 1971 1322 2052 quibus
1345 1991 1419 2034 sen-

389 2058 510 2120 tentiae
538 2059 613 2119 tuae
636 2054 846 2119 manifestum
870 2054 1022 2119 ostendas
1044 2054 1300 2138 probamentum.
1338 2054 1420 2117 nulli
1433 2071 1459 2111 ao

391 2140 511 2204 etenim
533 2137 584 2202 fas
608 2142 658 2202 est
679 2140 810 2221 praeter
832 2138 954 2202 usitata
975 2139 1075 2201 uerba
1090 2137 1213 2222 aliquid
1229 2137 1334 2218 eloqui
1350 2137 1421 2201 sine

390 2222 547 2306 exemplo.
586 2223 657 2304 quis
686 2221 773 2285 enim
803 2222 864 2285 sibi
888 2221 975 2286 uiam
997 2221 1155 2285 orationis
1177 2221 1295 2304 finget,
1325 2241 1420 2303 quem

388 2306 470 2370 nulli
500 2306 588 2388 prius
612 2306 752 2369 atriuere
776 2309 1019 2388 praecessores?
1049 2326 1125 2390 ergo
1148 2304 1233 2388 quod
1256 2305 1336 2368 dieis
1358 2303 1421 2368 tria

389 2411 458 2454 esse
485 2390 744 2473 frequentatiuae
772 2391 897 2452 formae
926 2389 1129 2452 incrementa
1157 2392 1190 2451 et
1211 2387 1421 2473 inohogatiua

389 2474 481 2556 bina,
501 2473 611 2555 'planis
634 2473 795 2536 maiorum
816 2472 997 2555 approbato
1013 2472 1185 2554 exemplis,
1210 2475 1247 2535 ut
1261 2472 1288 2534 si
1304 2491 1422 2554 appro-
1435 2486 1461 2527 2⁵

389 2557 516 2620 baueris
547 2557 589 2620 du
613 2556 710 2619 licem
738 2555 834 2619 nobis
863 2557 1003 2639 gratiam
1034 2556 1199 2619 conferas:
1232 2557 1265 2617 te
1299 2554 1420 2617 etenim

388 2641 536 2704 ueritatis
563 2578 762 2704 adsertorem
792 2638 989 2703 monstrabis
1023 2640 1057 2702 et
1089 2658 1150 2703 nos
1179 2638 1308 2720 horum,
1338 2657 1421 2720 quae

388 2723 524 2787 fortasse
547 2723 678 2806 penitus
702 2723 938 2806 ignorauimus‚
963 2724 1113 2803 expertos
1135 2722 1245 2786 faoies.

475 2805 535 2871 (lui
558 2806 735 2889 Regulus
757 2805 860 2870 multa
882 2827 920 2869 ex
944 2808 1092 2868 ueterum
1115 2805 1306 2869 auctoritate
1329 2824 1421 2885 prae-

389 2890 526 2955 tendens
557 2889 715 2973 quaedam
744 2909 783 2952 ex
806 2888 868 2952 hiis
895 2908 978 2972 quae
1006 2887 1133 2953 dixerat
1160 2887 1327 2953 uerissima
1351 2907 1421 2950 esse
1434 2901 1460 2942 ³0

389 2975 552 3058 probauit,
591 2971 752 3037 nonnulla
786 2993 895 3036 eorum
932 2973 1063 3056 penitus
1097 2978 1181 3037 stare
1213 2992 1280 3035 non
1314 2990 1421 3053 posse,

389 3059 568 3123 fortissima
601 3057 812 3121 distructione
846 3057 1014 3121 conuictus
1042 3060 1101 3121 est.
1143 3078 1181 3121 ex
1211 3055 1274 3119 hiis
1303 3059 1422 3129 autem,

392 3163 471 3226 quae
495 3162 573 3204 uera
595 3162 664 3204 esse
686 3139 770 3203 nulli
792 3139 996 3228 dubitantur,
1028 3140 1167 3222 exempli
1191 3139 1298 3221 gratia
1319 3157 1421 3220 pausa

1289 1050 1419 1131 iqur'soq

456 3347 472 3394 4
491 3341 578 3394 etiam
596 3356 631 3394 ea
650 3340 726 3392 enim
743 3338 778 3393 N
792 3341 803 3408 1
820 3339 863 3393 ef.
885 3322 999 3408 congesti
1017 3338 1052 3393 N
1066 3340 1076 3407 1
1094 3342 1110 3391 8
1129 3337 1212 3392 duale
1230 3336 1264 3390 N
1277 3337 1288 3404 11
1301 3334 1417 3389 dicebat

390 3441 409 3508 (i
429 3455 546 3500 cornea
564 3440 614 3505 ol)
633 3440 666 3494 N
676 3441 686 3508 11
702 3445 732 3493 14
750 3426 879 3494 iu⁰eussa
889 3438 923 3493 N
933 3440 943 3507 1
958 3443 989 3492 18
1003 3438 1126 3493 eundem
1138 3438 1171 3492 N
1181 3439 1191 3507 11
1204 3450 1377 3491 esaerrueres
1390 3434 1425 3489 N

390 3511 449 3578 1122
466 3509 572 3578 pinguq
589 3507 632 3573 N,
657 3506 766 3574 pandat
783 3506 849 3560 Mai
861 3507 871 3574 1
884 3512 917 3561 ab
930 3509 949 3560 f.
969 3504 1177 3574 approbatione
1194 3505 1229 3559 N
1243 3519 1311 3559 corr.
1330 3501 1396 3556 Mai
1408 3502 1421 3571 11

389 3583 422 3631 29
436 3575 455 3629 f.
473 3573 681 3645 praetendaens
699 3572 738 3630 N.
