3210 4162
695 327 700 336 ·
754 297 970 356 arnasano.
1320 302 1380 367 107

347 454 468 517 stiones
491 451 595 516 diuiso
611 474 631 515 a
645 452 808 536 plerisque
830 453 925 516 modo
949 456 982 516 et
1004 451 1190 517 sentiuntur
1212 456 1245 517 et
1266 453 1381 539 legun·

346 543 408 616 tur,
426 558 498 601 mea
511 537 687 620 praecipua
702 537 737 601 in
753 536 957 621 explanando
972 536 1064 600 fieret
1080 536 1259 622 diligentia.
1294 537 1380 602 unde

346 624 380 684 et
408 641 486 705 ego,
516 621 592 703 quia
621 619 779 684 orationis
801 624 911 704 partes
934 625 1009 685 octo
1031 623 1123 702 sunt,
1152 626 1227 685 octo
1251 641 1379 704 quoque

346 704 382 768 in
404 724 470 769 uno
493 704 571 769 licet
593 703 747 786 epistolas
768 705 933 769 uolumine
949 705 1094 789 digerere
1116 705 1272 788 dispono:
1295 705 1380 788 quod

346 789 445 853 etiam
466 789 502 852 in
523 787 587 854 XV
609 789 820 872 epistolarum
843 789 998 852 Affricam
1018 788 1191 852 missarum
1212 789 1379 854 uolumine
1405 807 1419 847 s

346 871 388 935 ad
400 871 581 936 Fabianum
596 893 733 956 puerum
748 893 855 936 meum
870 871 1102 956 peritissimum
1117 892 1154 936 ac
1170 871 1379 956 docillimum,

344 961 422 1019 tunc
451 956 625 1040 gentilem,
655 977 742 1020 nunc
768 961 877 1019 autem
899 955 1027 1020 fidelem
1049 956 1246 1039 baptismate
1268 957 1379 1040 purifi·

346 1043 470 1121 catum,
494 1040 607 1105 eodem
629 1039 792 1104 scribendi
814 1060 902 1103 more
924 1039 1040 1106 iecisse
1062 1040 1208 1104 memini.

432 1122 526 1198 Quod
548 1124 688 1188 forsitan
709 1123 826 1208 aliquis
848 1124 998 1202 miretur,
1027 1125 1113 1206 quod
1135 1124 1266 1188 insolito
1288 1145 1377 1189 more

345 1207 555 1289 epistolarum
582 1227 764 1271 sermonem
798 1207 893 1272 unius
921 1207 1078 1291 epistolae
1112 1208 1209 1271 modo
1243 1207 1376 1271 insimul
1392 1227 1417 1266 10

345 1290 514 1355 dumtaxat
539 1292 657 1355 missae
685 1293 744 1355 sub
772 1290 867 1354 unius
893 1291 990 1354 titulo
1014 1289 1117 1353 libelli
1140 1290 1376 1387 composuerim.

344 1375 489 1457 quisquis
505 1374 567 1439 hoc
582 1375 672 1439 facto
688 1377 847 1454 mouetur,
864 1375 1047 1438 meminerit
1061 1373 1194 1439 Lassir
1209 1374 1375 1457 purissimi

344 1459 498 1536 oratoris,
540 1457 639 1523 XVII
676 1458 980 1540 interpretationum
1016 1457 1172 1540 epistolas
1214 1458 1273 1522 sub
1310 1478 1375 1522 uno

342 1545 487 1624 tempore
513 1562 641 1624 unoque
670 1541 745 1605 stilo
773 1542 813 1604 ad
842 1539 944 1605 unu'm
972 1541 1173 1624 eundemque
1201 1542 1375 1624 petitorem

343 1624 570 1706 destinauerIt,
604 1647 672 1689 non
706 1646 769 1708 quo
803 1625 859 1688 ille
892 1625 1012 1710 petitor
1045 1624 1135 1688 illam
1164 1625 1375 1708 epistolarum
1390 1643 1415 1683 rc

342 1711 608 1774 numerositatem
639 1708 869 1792 postulauerit,
904 1709 959 1773 sed
988 1729 1051 1790 quo
1085 1714 1118 1772 et
1145 1709 1295 1773 leuamen
1325 1710 1375 1774 sui

343 1794 450 1874 operis
480 1798 513 1857 et
545 1792 744 1856 lecturorum
779 1792 1039 1856 commoditatem
1074 1791 1209 1874 depulso
1241 1797 1277 1854 ut
1305 1791 1375 1856 fieri

342 1876 426 1940 solet
461 1876 663 1939 inmotabilis
697 1874 848 1940 lectionis
881 1875 1013 1939 fastidio
1043 1875 1242 1956 adquisierit.
1292 1877 1376 1940 sicut

341 1980 482 2041 namque
504 1959 567 2042 hii,
591 1961 646 2042 qui
668 1959 769 2043 longa
782 1959 909 2023 uiarum
924 1959 1029 2042 spatia
1044 1960 1187 2022 mensuri
1202 1959 1265 2021 iter
1280 1975 1374 2022 suum

343 2043 536 2124 quibusdam
570 2043 777 2106 mansionum
810 2041 968 2106 limitibus
1004 2062 1041 2106 ao
1073 2042 1222 2105 terminis
1250 2041 1372 2125 leuant,
1387 2060 1413 2099 2⁰

343 2125 567 2189 lassitudinem
590 2125 681 2210 longi
704 2124 941 2208 quodammodo
965 2125 1055 2188 iteris
1076 2127 1313 2208 temperantes,
1343 2128 1376 2189 et

341 2209 455 2274 urbem
477 2209 530 2274 uel
552 2212 676 2292 locum,
699 2230 764 2292 quc
787 2206 926 2273 eundum
950 2208 1008 2286 sit,
1032 2209 1158 2272 minore
1174 2212 1211 2273 ut
1225 2209 1272 2272 ita
1287 2208 1374 2273 dixe-

340 2294 401 2356 rim
425 2293 535 2358 labore
557 2293 792 2377 perpendiunt,
816 2293 896 2356 certi
918 2291 1005 2375 quod
1027 2314 1092 2356 una
1114 2294 1165 2356 die
1187 2293 1273 2356 tanti
1295 2296 1374 2356 tem·

325 2378 428 2458 'poris
451 2378 514 2439 iter
536 2379 695 2441 conficere
711 2398 776 2440 non
792 2376 948 2440 ualebunt
963 2375 1027 2438 nisi
1041 2397 1099 2458 per
1122 2375 1249 2440 callium
1271 2375 1374 2441 lineas

340 2464 373 2523 et
395 2460 551 2543 quosdam
574 2460 813 2542 requietionum
836 2459 948 2522 modos
970 2457 1125 2524 laboriosi
1146 2459 1271 2523 itineris
1292 2481 1372 2525 onus
1385 2477 1411 2517 2⁵

341 2543 564 2626 deposuerint:
587 2545 634 2608 ita
649 2545 747 2608 etiam
763 2542 826 2626 hii,
843 2543 898 2626 qui
914 2543 1096 2607 inmensum
1113 2542 1275 2607 scribendi
1291 2565 1373 2627 opus

340 2627 533 2711 arripientes
556 2632 589 2692 et
612 2627 651 2692 de
673 2627 820 2711 pluribus
842 2626 937 2690 rebus
960 2647 998 2690 ac
1019 2627 1263 2710 quaestionibus
1279 2648 1373 2691 suum

340 2711 541 2793 conposituri
582 2732 780 2792 sermonem,
823 2709 908 2792 quod
943 2710 1075 2774 nonnisi
1113 2710 1271 2774 librorum
1309 2710 1399 2774 fre*

340 2794 512 2876 quentibus
552 2795 779 2878 expliciturum
812 2794 932 2857 finibus
966 2793 1233 2877 sequentiumque
1267 2793 1372 2858 initiis

340 2879 484 2942 laborem
507 2900 600 2943 suum
623 2879 893 2974 temperauerint,
915 2897 956 2940 ne
978 2877 1039 2941 sibi
1055 2878 1135 2963 ipsis
1150 2877 1186 2940 in
1201 2877 1411 2942 scribendos>

340 2969 372 3025 et
393 2962 569 3026 lectoribus
592 2961 761 3026 fastidrum
784 2962 851 3025 sint
872 2961 908 3024 in
922 2962 1155 3043 perscrutando
1170 2962 1369 3045 generaturi,

341 3133 396 3140 ...-
400 3134 499 3141 ......
501 3134 546 3142 ——

409 3235 422 3280 1
442 3228 602 3282 sentiantur
619 3227 654 3281 N
663 3229 703 3295 114
721 3228 825 3295 degere
843 3226 878 3281 N
886 3241 959 3333 pepp,
969 3225 1033 3280 Mai
1044 3226 1056 3295 ΙΙ
1068 3233 1084 3280 t
1097 3225 1127 3279 in
1139 3225 1265 3280 Africam
1277 3226 1342 3282 Mai
1355 3228 1368 3298 ΙΙ

339 3352 370 3398 13
395 3345 528 3414 oratoris]
553 3345 603 3414 qui
628 3344 696 3399 add.
720 3345 785 3398 Mai
803 3346 813 3413 ll
827 3343 1024 3426 septemdecim
1048 3343 1082 3396 N
1097 3343 1107 3412 ΙΙ
1124 3344 1155 3396 et
1177 3359 1234 3397 uno
1252 3344 1286 3397 N
1300 3359 1371 3400 corr.

339 3427 426 3506 a„
441 3434 472 3506 ¹⁶-
490 3426 1325 3564 srsuuueesurusasarsual
1338 3435 1372 3550 s

339 3496 497 3616 ddldurdull'
505 3565 516 3631 ΙΙ
528 3568 561 3618 26
580 3563 705 3617 laborosi
722 3557 757 3616 N
766 3565 777 3630 ΙΙ
789 3531 879 3616 lienus
897 3564 931 3617 N
940 3565 950 3630 ΙΙ
963 3569 996 3617 29
1013 3512 1091 3616 inilia
1104 3513 1162 3630 INss
1175 3549 1209 3618 do
1222 3563 1269 3633 ne]
1282 3564 1312 3618 et
1329 3562 1369 3616 N.
