3210 4162
194 377 197 384 ,
238 323 281 388 54
475 319 628 376 VIRGILII
645 317 813 375 MARONIS
831 318 1034 374 ΕΡΙΤΟΜΑΕ.

238 479 306 540 tam
327 473 500 538 iocundum
521 474 612 538 nobis
634 491 697 538 esse
712 477 820 555 potest,
845 492 943 554 quam
964 473 1001 536 in
1022 471 1079 537 hoe
1096 475 1201 536 nostro
1217 473 1265 538 di·

239 559 337 640 leyere
351 576 552 640 permanere,
575 557 635 623 hoe
658 577 718 639 pro
741 555 887 620 ablatiuo
926 555 1039 620 oesuit.
1076 557 1108 618 et
1131 565 1189 638 pro
1206 576 1263 620 no·

238 641 326 706 mine
348 640 412 705 elio
435 641 521 706 idem
544 641 615 705 loeo
638 639 802 722 accipiens
824 661 887 704 eun
912 660 962 703 em
984 639 1117 704 modum
1145 639 1191 703 sie
1219 640 1267 703 eit

213 725 313 791 ⁶solis
334 745 460 791 currere
483 726 533 790 die
554 727 675 793 aestiuo
696 723 957 790 iocundissimum
978 728 1031 789 est.
1066 727 1099 787 et
1113 743 1154 786 ne
1169 724 1265 788 unius

238 812 368 874 tantum
390 815 520 872 utamur
542 811 700 894 exemplo,
724 808 841 892 quoda
857 807 979 872 nostris
1000 807 1177 872 maioribus
1199 809 1265 890 ple·

237 912 375 974 rumque
387 893 526 956 uetitum
539 896 597 971 est,
610 893 741 958 alterius
752 891 849 976 periti
860 911 1043 955 sermonem
1055 889 1264 973 proferemus.

239 973 425 1040 Hilarius
447 974 571 1040 Lucani
598 976 716 1059 frater,
744 975 780 1040 in
801 974 965 1039 functorio
986 973 1102 1039 quani
1126 975 1266 1038 carmine

238 1059 285 1122 sie
318 1059 365 1122 ait
392 1060 496 1124 leoeisti
524 1061 690 1125 assiduum
712 1060 826 1125 bellare
847 1060 884 1123 ire
905 1062 967 1122 loto
989 1058 1147 1124 cwrrieulo
1168 1059 1266 1140 uitae,

238 1142 299 1206 hoe
322 1163 380 1228 pro
405 1144 592 1207 accusetiuo
614 1143 747 1228 possuit.
782 1142 999 1225 inpersonelis
1024 1145 1132 1206 autem
1152 1141 1266 1206 modus

200 1244 225 1284 ιο
239 1227 362 1308 pessiui
390 1225 483 1290 uerbi
511 1227 626 1290 similis
676 1230 793 1292 utetur.
839 1224 895 1290 sed
918 1226 993 1309 quie
1014 1245 1186 1308 personam
1208 1247 1266 1289 no·

238 1309 336 1373 minis
369 1331 438 1375 non
472 1310 604 1395 recipit,
636 1249 708 1376 ileo
739 1310 906 1394 paesiuum
934 1308 1071 1374 uerbum
1097 1329 1164 1373 non
1197 1308 1267 1377 erit.

240 1393 330 1457 cuius
357 1393 472 1478 regula
499 1395 578 1458 haee
606 1416 676 1459 esse
707 1394 846 1473 dicitur,'
871 1399 909 1459 ut
937 1393 965 1456 si
993 1414 1012 1456 a
1035 1393 1135 1457 uerbo
1157 1395 1264 1458 eetiuo

238 1477 375 1558 uenerit,
398 1481 431 1541 et
452 1479 522 1560 ipse
545 1482 633 1561 aget,
656 1478 701 1542 ita
722 1480 831 1542 temen
846 1481 884 1541 ut
898 1477 1054 1541 infinitiui
1068 1475 1156 1540 modi
1171 1480 1267 1560 egeat

239 1559 426 1624 adiumento
449 1561 624 1626 seeundum
648 1561 727 1625 illud
743 1564 900 1626 Aeneae
921 1560 969 1624 ita
979 1559 1117 1624 dicentis
1132 1558 1266 1625 Harmi-

200 1658 225 1700 ιε
239 1643 340 1708 talem
363 1644 477 1726 leyitur
497 1646 534 1709 in
549 1645 599 1710 die
614 1645 685 1710 belli
699 1646 816 1710 dixere
825 1665 887 1726 pro
902 1646 1106 1709 incentorum
1120 1645 1267 1710 uirorum

235 1729 377 1808 potentia
400 1729 562 1809 armetque
582 1727 673 1794 hodie
694 1749 791 1793 meme
812 1732 897 1793 utar.
935 1729 962 1791 si
985 1748 1062 1792 uero
1085 1748 1105 1790 e
1126 1727 1266 1791 neutrali

238 1809 338 1874 uerbo
369 1811 513 1890 uenerit,
544 1811 722 1876 ablatiuum
752 1832 878 1876 cassum
907 1811 1018 1874 trahat
1045 1829 1176 1874 neeesse
1205 1811 1267 1874 erit

237 1892 455 1958 Terrentio
479 1894 606 1960 dicente
629 1897 771 1961 curritur
793 1919 814 1960 a
837 1897 961 1975 eastris,
986 1893 1151 1959 interdurn
1167 1894 1265 1958 etiam

306 2098 331 2145 2.
349 2091 421 2149 Erre.
433 2092 526 2150 Narve.
534 2107 565 2168 P:
580 2096 626 2147 19:
654 2094 693 2146 At
709 2108 761 2214 Ero
779 2094 956 2146 nominativo
975 2092 1032 2146 alio
1050 2094 1112 2146 loco
1130 2092 1208 2146 idem
1226 2093 1266 2146 sie

238 2159 290 2216 ait:
324 2157 397 2212 Solis
420 2174 533 2213 currere
556 2175 586 2212 rn
609 2159 655 2213 die
679 2176 708 2214 es
724 2158 768 2213 ’vo
790 2159 1022 2213 iocundissimum
1046 2160 1097 2212 est.
1132 2158 1265 2214 Helarius

238 2225 327 2279 freter
346 2224 452 2279 Lucani
475 2225 515 2280 eie
539 2226 593 2280 ait:
615 2225 712 2294 legisti
734 2227 884 2280 adsiduum
905 2241 945 2294 sq.
963 2242 1016 2294 pro
1035 2225 1197 2279 accusativo
1237 2242 1266 2278 o·

238 2292 303 2349 ruit.
374 2293 410 2357 cf.
424 2291 510 2347 Olern.
526 2307 582 2348 eree.
596 2291 628 2357 (f.
640 2295 712 2361 30³).·
730 2293 795 2348 Sine
813 2309 879 2346 earu
898 2306 966 2346 vero
985 2292 1104 2346 verbum
1123 2307 1183 2345 esse
1200 2244 1265 2367 ileo

238 2357 310 2411 dixit
326 2361 446 2437 propter
464 2359 554 2413 verba
571 2358 704 2414 infinitivi
721 2359 799 2413 modi
817 2375 890 2425 quae
909 2359 940 2411 in
957 2357 1099 2435 aliquibus
1117 2360 1266 2412 sententiis

237 2442 354 2479 ceruum
366 2441 428 2479 vree
441 2425 565 2480 maxime
577 2425 746 2480 nominativi
757 2425 911 2480 accusativi
923 2424 1100 2492 ablatrvique
1113 2427 1264 2492 ponuntur.

237 2494 272 2546 ut
288 2491 365 2560 apud
384 2492 565 2547 Terrentium
584 2493 622 2546 (la
643 2493 714 2546 mihi
736 2493 834 2548 bibere
857 2493 887 2546 id
910 2495 1010 2562 potum
1030 2493 1059 2546 et
1077 2494 1205 2545 nostrum
1224 2493 1267 2544 eet

239 2559 336 2612 vivere
354 2559 436 2613 triste
456 2561 485 2613 et
502 2559 732 2615 iocundissimum
750 2560 877 2615 ostiolis
895 2575 1008 2615 currere
1028 2559 1073 2612 die
1092 2559 1209 2613 aestivo.
1236 2559 1267 2612 id

238 2641 336 2678 eureus
354 2627 383 2678 et
400 2626 497 2694 legere
517 2629 547 2680 et
563 2643 620 2680 non
638 2627 807 2694 intellegere
820 2643 878 2681 non
890 2629 935 2680 eet
945 2625 1042 2693 legere
1056 2627 1085 2679 et
1096 2626 1140 2678 his
1152 2625 1265 2683 similia,

238 2689 289 2744 sed
307 2707 363 2744 non
381 2695 499 2771 propter
517 2693 587 2746 haee
604 2709 700 2746 cesum
718 2693 747 2746 in
766 2693 853 2747 verbo
872 2709 932 2747 erse
949 2692 1110 2761 putendum
1128 2692 1267 2758 quiahoc

238 2757 404 2813 elocutionis
448 2775 518 2812 enus
541 2758 619 2828 greei
637 2760 806 2827 sequuntur,
829 2760 859 2812 in
880 2759 971 2815 latino
989 2774 1057 2813 vero
1076 2774 1139 2812 raro
1158 2757 1266 2812 inveni·

237 2825 293 2878 tur.
363 2830 387 2878 9.
428 2841 470 2879 ωε.
488 2825 687 2892 Nosne.12.21:
706 2825 749 2880 De
767 2827 940 2944 iuxersoneli
957 2825 1051 2879 modo.
1078 2824 1265 2894 inpereonalis

238 2891 335 2944 autem
348 2891 494 2960 -regula
512 2892 552 2945 eie
570 2908 631 2945 esse
651 2921 682 2930 —
701 2891 773 2944 illud
818 2908 906 2947 eneae
926 2892 1047 2946 dicentis
1066 2921 1099 2930 -
1118 2907 1215 2944 casum
1234 2921 1265 2932 -

238 2957 323 3011 etiem
344 2959 374 3010 et
392 2957 562 3011 -attrahit
580 2987 613 2998 -
631 2958 746 3012 bellum.

307 3149 319 3194 1
339 3157 390 3195 nos
407 3142 435 3196 P
447 3143 457 3208 11
470 3147 486 3196 3
504 3140 577 3196 sieut
594 3142 622 3196 P
634 3143 644 3210 11
657 3148 672 3196 7
689 3141 803 3197 helerus
820 3143 848 3197 P
860 3144 870 3211 11
883 3143 992 3213 lucenti
1004 3144 1032 3198 P
1044 3145 1054 3212 1
1066 3144 1134 3198 iuna
1146 3144 1191 3215 ini
1208 3141 1264 3226 Ρ-11

237 3231 253 3280 8
271 3224 394 3278 assidam
413 3225 441 3278 P
458 3226 515 3291 110
537 3225 586 3278 sed
604 3240 655 3280 om.
673 3226 707 3282 N
719 3227 730 3294 1
749 3231 780 3279 11
798 3226 902 3295 recipit
919 3227 951 3296 (i¹
968 3244 1003 3283 ex
1021 3229 1047 3294 e)
1066 3227 1101 3281 N
1109 3230 1119 3297 1
1131 3227 1197 3282 ideo
1215 3233 1265 3298 ptr

235 3358 292 3395 non
310 3342 345 3395 N
352 3343 362 3410 1
377 3348 409 3396 13
427 3341 570 3410 venisssset
586 3341 617 3410 (i¹
634 3358 651 3394 a
667 3357 701 3396 ex
717 3344 798 3400 corr-l
816 3342 851 3396 N
859 3345 869 3411 1
881 3344 950 3412 iprae
964 3344 1004 3410 P,
1027 3307 1118 3422 ipeilsl
1133 3345 1168 3412 (i,
1185 3360 1220 3400 ex
1238 3352 1265 3409 e)

235 3408 269 3461 N
277 3410 288 3476 1
301 3413 369 3476 egat
385 3410 427 3475 P,
447 3403 550 3528 ἕψῃς
569 3410 609 3474 (ε,
628 3424 662 3485 ex
679 3410 762 3488 cerr.)
781 3409 814 3462 N
822 3411 833 3478 1
845 3412 932 3479 egeat
949 3412 977 3465 P
989 3413 999 3478 11
1012 3411 1151 3465 inernrtivi
1168 3414 1196 3468 P
1209 3414 1219 3480 11
1234 3417 1266 3490 14

237 3489 345 3530 aenreae
369 3476 399 3542 (e
418 3477 499 3541 erae.)
557 3476 567 3543 11
578 3475 708 3542 eumbele
724 3475 774 3543 Ρ1
789 3480 888 3529 14-16
906 3477 1070 3532 adiumento
1093 3480 1158 3532 uter
1180 3478 1265 3533 hodre

236 3591 329 3629 meme
347 3574 382 3629 N
396 3580 443 3630 eet.
462 3589 513 3632 om.
530 3575 543 3644 1
561 3581 591 3629 rr
615 3547 741 3630 ablativi
757 3577 790 3631 N
804 3579 814 3646 1
831 3556 930 3632 trahit
946 3578 1000 3647 Nl
1014 3584 1045 3634 re
1064 3576 1183 3647 iuream
1200 3579 1235 3635 P.
