3210 4162
308 281 369 347 150
534 276 688 334 VIRGILII
705 276 870 332 MARONIS
888 275 1098 333 EPISTOLAE.

306 431 405 497 habes
434 453 508 498 ecce
536 432 572 495 in
599 431 713 515 primis
743 429 930 514 qualitatem
959 429 1050 493 uerbi
1078 450 1137 513 per
1164 429 1278 494 modos
1301 433 1334 494 et

305 518 429 581 formas
443 516 475 581 X
497 516 620 599 species
642 515 829 579 habentem.
864 514 952 588 modi
967 514 1126 596 siquidem
1140 537 1196 579 sex
1211 513 1332 579 haben-

306 605 361 664 tur
389 603 422 664 et
449 601 572 664 formae
621 603 759 662 uattuor.
795 597 895 661 habes
916 601 1044 661 ternam
1066 599 1162 663 ooniu
1206 600 1329 663 tionem

307 621 794 768 quinamquesignidcationem.
808 680 862 745 hic
871 682 1166 764 octospeciesconc
1180 681 1331 746 uduntur.

280 788 293 828 a
305 789 366 850 per
387 767 548 850 duplicem
570 768 679 830 autem
701 765 839 849 figuram
862 768 895 827 et
918 764 1045 828 dualem
1067 786 1237 830 numerum
1252 766 1333 829 haec

306 854 472 934 (summa)
493 849 703 933 suprascripti
726 852 943 913 consumatur.

391 932 512 998 Uerum
536 954 634 1015 quare
655 937 783 1015 tempus
804 932 892 1014 quod
911 936 1041 995 ternum
1063 936 1113 995 est
1139 936 1172 996 et
1193 952 1333 1014 persona

305 1037 389 1099 quae
405 1037 505 1100 aeque
520 1020 615 1081 terna
630 1037 698 1080 esse
713 1015 997 1097 animaduertitur,
1021 1037 1059 1078 ex
1074 1015 1137 1079 hoc
1153 1014 1333 1097 excipiatur

305 1122 457 1183 numero,
487 1100 572 1165 forte
597 1100 789 1184 requiratur.
826 1097 991 1162 sciendum
1013 1099 1147 1182 proinde
1170 1102 1221 1162 est
1243 1098 1330 1163 istoi-

267 1205 292 1244 ιο
306 1205 417 1247 corum
445 1185 532 1248 hunc
561 1205 629 1248 esse
658 1204 796 1259 morem,
825 1185 861 1245 ut
884 1203 956 1245 cum
978 1188 1091 1266 typum
1114 1182 1257 1264 aliquem
1279 1182 1333 1246 uel
1357 1219 1360 1222 ·

305 1288 476 1330 numerum
499 1268 707 1349 praetendere
729 1264 918 1346 uoluerunt,
942 1287 1011 1330 non
1032 1269 1100 1328 tam
1121 1269 1225 1329 totam
1249 1286 1332 1328 sum-

304 1366 377 1414 mae
410 1350 662 1433 plenitudinem,
701 1370 797 1433 quam
831 1349 916 1431 qued
955 1348 996 1412 ad
1026 1352 1140 1432 typum
1170 1349 1333 1431 pertineat

305 1434 506 1517 propositum
533 1437 756 1498 annumerent.
800 1453 937 1514 quorum
965 1454 1050 1496 unus
1081 1432 1269 1514 quierant,
1299 1439 1335 1496 ut

305 1516 474 1597 rebantur,
498 1517 691 1599 praecipuus
714 1515 905 1579 Chremes
928 1515 1060 1580 nomine
1083 1516 1123 1578 ad
1145 1536 1206 1579 nos
1230 1537 1333 1598 usque

267 1621 293 1663 15
307 1603 503 1685 peruentans
519 1605 671 1683 quattuor
685 1602 814 1663 tantum
833 1599 962 1663 uocales
983 1599 1094 1663 literas
1115 1599 1332 1662 numerandas

306 1704 375 1747 esse
398 1685 560 1748 censebat.
599 1684 688 1748 cuius
710 1682 756 1746 rei
779 1683 939 1747 rationem
961 1705 1033 1747 cum
1056 1684 1096 1746 ab
1120 1703 1157 1746 eo
1173 1681 1334 1746 Aeneas

305 1787 396 1830 meus
418 1769 634 1850 perquireret,
656 1765 831 1850 tranquillo
853 1766 993 1830 reddidit
1017 1766 1184 1831 effamine:
1217 1768 1334 1831 ammas

306 1850 414 1932 inquit
434 1855 464 1914 et
484 1871 541 1914 aas
563 1852 689 1931 quidem
710 1853 849 1931 quiaque
870 1870 933 1914 esse
949 1851 1088 1930 litteus,
1112 1869 1195 1930 quae
1209 1851 1333 1915 ecculm

306 1933 470 2015 dicuntur,
492 1937 673 1999 uestrorum
694 1938 800 1998 tamen
820 1938 959 1998 ueterum
975 1937 1150 2014 pareutum
1168 1952 1236 1997 mos
1250 1936 1333 1997 uati·

267 2018 418 2093 aequaris
440 2023 522 2099 crat,
546 2022 581 2081 ut
602 2017 725 2082 uadum
746 2037 914 2081 numerum
936 2018 1052 2095 absque
1074 2021 1145 2098 typo
1171 2037 1333 2081 racusarru·

305 2103 385 2162 raet.
414 2101 498 2163 uude
520 2103 598 2180 quio
621 2102 836 2181 quinquatria
857 2101 1080 2180 supputatione
1100 2100 1201 2163 stoico
1223 2120 1334 2164 reame-

305 2200 376 2244 rum
390 2182 499 2246 aulius
513 2184 690 2248 cardinalis
702 2184 904 2264 praecesserit
921 2187 1028 2264 typus,
1043 2188 1193 2263 quattuor
1208 2186 1334 2247 tantum

304 2265 429 2330 uocales
450 2266 571 2330 litteras
590 2268 753 2332 subtracta
770 2264 825 2332 ·U·
836 2267 1062 2348 principaliter
1078 2272 1332 2332 commacerant.

305 2346 359 2410 uel
386 2351 471 2412 certe
499 2349 540 2412 ob
568 2350 631 2414 hoc
659 2350 790 2432 quidam
811 2371 834 2414 u
856 2349 983 2413 literam
1004 2350 1091 2413 inter
1113 2348 1242 2413 uocales
1264 2369 1331 2413 non

266 2455 292 2494 aa
306 2434 528 2513 receptarunt,
553 2434 718 2514 quianon
741 2436 808 2495 tam
831 2433 975 2495 uocalem
999 2436 1124 2496 ueteres
1147 2453 1245 2515 quam
1268 2454 1333 2496 am·

306 2513 436 2596 biguam
460 2515 616 2597 appellari
639 2516 753 2579 debere
776 2514 963 2597 eredebant,
987 2516 1063 2599 quia
1086 2515 1257 2597 aliquoties
1273 2537 1332 2598 pro

305 2599 427 2674 uocati,
450 2597 621 2681 aliquoties
644 2621 703 2681 pro
726 2603 815 2663 muta
837 2599 1002 2682 accipitur.
1040 2599 1093 2662 sed
1116 2599 1180 2663 hoc
1202 2599 1333 2662 silentio

305 2681 610 2762 praetermittamus.

390 2763 452 2827 Illa
473 2768 582 2828 autem
603 2765 701 2846 ratio,
725 2765 766 2827 ob
788 2785 882 2847 quam
898 2768 1050 2848 quattuor
1070 2764 1198 2829 uocales
1220 2764 1332 2827 literas

267 2847 397 2928 aequasi
425 2847 694 2930 praeiudicatoria
721 2848 914 2912 auctoritate
946 2849 1218 2924 annumerabant,
1252 2849 1332 2911 haec

306 2933 370 3011 est,
402 2931 487 3013 quod
517 2931 579 2995 iste
601 2932 767 2996 intuebilis
789 2933 927 2995 mundus
949 2937 1103 3016 quattuor
1126 2934 1255 2997 constat
1277 2932 1332 2995 eli-

337 3117 406 3124 ι--ι
413 3117 509 3125 -κ-..κ

375 3233 388 3279 1
408 3227 496 3282 habet
514 3227 549 3282 N
560 3229 605 3298 114
623 3230 829 3284 concludantur
847 3230 880 3284 N
893 3233 903 3299 ΙΙ
920 3235 936 3284 5
951 3230 1104 3297 posthaec
1123 3232 1247 3298 spatium
1264 3233 1334 3284 3-4

306 3292 360 3346 lira
373 3293 406 3346 N
416 3296 426 3362 l
439 3301 454 3348 6
473 3312 584 3348 summa
600 3296 667 3350 odd.
681 3297 745 3350 Mai
757 3297 768 3365 ΙΙ
780 3301 992 3350 consummatur
1010 3297 1075 3352 Mai
1085 3299 1096 3366 ΙΙ
1109 3303 1125 3351 8
1144 3302 1174 3352 et
1185 3297 1239 3350 hoc
1251 3296 1286 3350 N
1294 3298 1304 3364 tl
1317 3304 1333 3349 9

305 3358 490 3414 histoicorum
507 3361 542 3415 N
556 3363 566 3431 l
586 3369 617 3417 10
635 3364 765 3432 tympum
783 3362 818 3417 N
830 3365 840 3430 l
862 3369 890 3418 12
909 3363 985 3431 quod
1005 3381 1090 3432 quem
1108 3364 1142 3418 N
1156 3366 1211 3432 1116
1229 3363 1334 3417 litteris

306 3457 340 3512 N
348 3461 359 3526 l
374 3466 404 3514 16
423 3439 559 3516 relidebat
576 3463 611 3517 N
620 3465 630 3532 l
644 3469 675 3517 17
693 3478 772 3540 meos
789 3463 823 3517 N
831 3465 887 3586 Ψ
906 3478 986 3517 mons
1001 3465 1034 3518 N
1044 3466 1099 3533 11ἳο
1116 3467 1223 3533 typpus
1234 3463 1268 3517 N
1277 3464 1287 3530 u
1300 3468 1334 3517 23

306 3526 463 3582 subtractat
481 3527 512 3582 N
523 3529 534 3596 ΙΙ
547 3535 579 3584 28
597 3531 815 3599 praemittamus
879 3545 949 3586 corr.
966 3531 1039 3589 Mae.
