3210 4162
600 982 971 1059 PRAEFATIO.

358 1282 435 1343 Cum
469 1287 540 1343 ante
570 1285 626 1344 hos
654 1288 802 1361 quattuor
828 1303 924 1346 annos
952 1287 989 1345 de
1012 1284 1145 1360 Virgilio
1172 1285 1297 1345 Marone

267 1373 469 1449 grammatico
482 1372 580 1432 fusius
592 1390 715 1448 agerem
722 1367 757 1452 ¹),
772 1371 809 1431 de
820 1373 942 1433 edendis
952 1373 1000 1431 his
1011 1372 1154 1448 operibus
1162 1374 1298 1433 nondum

267 1459 409 1536 cogitavi.
464 1459 638 1519 Haerebam
661 1459 755 1536 enim,
782 1478 856 1519 num
878 1461 935 1521 hoc
960 1461 1229 1538 grammaticorum
1251 1461 1297 1520 in·

265 1547 355 1606 limae
385 1547 497 1606 aetatis
526 1547 663 1607 studium
691 1548 772 1606 tenti
800 1549 914 1626 ubique
945 1550 1160 1607 aestimaretur
1191 1549 1297 1625 quanti

267 1635 408 1712 equidem
426 1635 578 1694 haberem.
626 1635 694 1694 Non
716 1637 842 1695 deerant
859 1639 963 1696 temen
982 1637 1034 1713 qui
1052 1655 1171 1696 mecum
1189 1637 1297 1695 bacin

266 1741 300 1782 re
323 1722 472 1798 facerent,
500 1723 531 1781 in
560 1723 609 1781 his
637 1728 704 1782 erat
729 1724 776 1782 rei
802 1725 946 1784 metricae
974 1725 1177 1801 investigator
1206 1724 1297 1800 longe

265 1810 558 1888 praestantissimus,
578 1809 784 1870 Guilelmus
799 1811 936 1888 Meyer,
956 1812 1008 1888 qui
1023 1811 1128 1872 eodem
1142 1812 1207 1870 fere
1220 1815 1296 1871 tem·

265 1917 338 1974 pore
361 1899 394 1956 in
416 1898 521 1957 libello
544 1898 598 1957 illo
622 1899 698 1958 satis
721 1899 803 1957 claro
826 1893 901 1958 ‘Der
919 1899 1024 1957 Ludus
1043 1901 1080 1957 de
1096 1893 1296 1958 Antichristo’

266 1978 399 2066 (Monaci
421 1977 522 2064 1882)
541 1985 579 2044 de
597 1985 727 2062 Virgilio
746 1985 822 2044 artis
841 1986 1031 2062 rhythmicae
1055 1986 1178 2045 doctore
1198 1986 1296 2044 multa

267 2090 336 2132 cum
363 2071 453 2132 laude
482 2072 636 2132 tractavit.
689 2070 765 2130 Cum
793 2074 846 2131 alii
869 2073 928 2133 viri
957 2072 1039 2132 docti
1067 2073 1100 2131 in
1127 2090 1188 2131 una
1216 2073 1296 2147 Aug.

266 2160 328 2219 Mai
352 2159 485 2219 editione
508 2177 606 2234 neque
629 2161 751 2234 integra
772 2177 870 2236 neque
896 2161 1058 2219 emendata
1076 2161 1209 2218 nitentes
1228 2159 1297 2217 Vir-

266 2247 334 2322 gilii
363 2248 528 2321 praecepta
557 2246 757 2322 grammatica
787 2238 912 2323 eiusque
942 2265 1039 2322 genus
1070 2246 1190 2306 dicendi
1220 2247 1296 2305 satis

266 2335 414 2393 tricoeum
443 2325 683 2414 examinarent²)
712 2338 744 2394 et
769 2352 849 2395 nova
872 2334 966 2394 editio
990 2335 1102 2393 iterum
1125 2334 1297 2409 iterumque

267 2421 502 2497 desideraretur,
521 2421 625 2481 amicis
645 2422 879 2482 adhortantibus
897 2442 959 2482 non
973 2423 1106 2498 amplius
1120 2421 1297 2499 repugnavi,

269 2511 343 2586 quin
366 2509 406 2567 ad
429 2527 523 2584 opera
545 2510 737 2584 grammatici
760 2510 843 2568 illius
868 2510 921 2568 diu
944 2511 1137 2585 multumque
1166 2508 1298 2583 neglecti

269 2597 388 2655 edenda
406 2597 594 2673 accederem,
612 2614 796 2672 quamquam
814 2616 863 2656 me
879 2616 954 2674 opus
969 2598 1095 2673 plenum
1109 2595 1298 2671 periculosae

268 2685 354 2744 aleae
378 2702 445 2743 esse
468 2683 642 2743 subiturum
664 2683 815 2744 habebam
838 2703 1025 2760 persuasum.

357 2771 408 2830 Ad
423 2770 614 2831 emendanda
624 2770 744 2845 Virgilii
762 2773 909 2846 opuscula
927 2772 1049 2830 auxiliis
1069 2789 1143 2830 usus
1162 2788 1230 2828 sum
1245 2771 1297 2846 eis,

269 2859 308 2918 de
326 2858 438 2934 quibua
456 2858 490 2916 in
507 2858 760 2917 commentatione
780 2876 872 2935 supra
890 2860 1017 2918 laudata
1035 2857 1180 2933 tractavi;
1200 2875 1298 2916 acces-

268 2948 376 3006 serunt
408 2945 491 3005 forte
522 2946 646 3006 fortuna
680 2945 856 3022 fragmenta
893 2945 1042 3025 quaedam
1071 2947 1121 3006 vel
1157 2948 1300 3021 excerpta

342 3132 368 3197 l)
389 3129 424 3183 cf.
439 3128 493 3183 Die
507 3128 657 3199 Epitomae
672 3129 723 3183 dea
738 3129 963 3184 Grammatikers
973 3129 1114 3199 Virgilius
1128 3130 1209 3184 Maro
1223 3131 1298 3183 nach

268 3200 334 3254 dem
342 3197 545 3269 Fragmentum
553 3198 777 3255 Vindobonense
793 3206 889 3256 19656.
926 3200 1105 3255 Wien1882.
1142 3198 1213 3269 (Aue
1231 3198 1298 3252 dem

267 3268 417 3339 Jahrgang
436 3273 505 3324 1881
530 3270 580 3324 der
599 3268 861 3339 Sitzungsberiehte
884 3271 935 3325 der
952 3269 1024 3339 phil.
1043 3270 1111 3324 hist.
1131 3269 1228 3327 Classe
1247 3268 1298 3322 der

192 3402 195 3408 Ι
268 3339 340 3394 lrais.
360 3338 520 3394 Akademie
539 3339 591 3394 der
607 3338 867 3409 wissenschaften,
886 3342 919 3394 B.
938 3340 1027 3396 XCIX
1047 3340 1074 3394 S.
1094 3337 1192 3407 509ff.)

340 3411 368 3479 2)
380 3410 415 3466 cf,
426 3409 553 3464 Paulus
569 3409 692 3479 Geyer,
705 3409 841 3480 Beitrbge
855 3428 905 3465 zur
918 3410 1059 3465 Kenntnis
1075 3410 1124 3464 des
1139 3377 1308 3479 gallischen'

267 3479 382 3536 Lateina
402 3479 560 3550 (wolfflinr
578 3479 686 3536 Archiv
704 3481 731 3534 ll
749 3480 840 3550 aad).

1044 3567 1162 3626 a*.
