3210 4162
316 246 377 310 106
542 242 696 299 VIRGILII
714 244 881 301 MARONIS
900 243 1109 300 EPISTOLAE.

399 395 490 460 Haec
524 395 633 459 eadem
667 396 854 460 uaticinatio
882 397 917 460 in
946 398 997 461 his
1026 417 1113 461 nunc
1141 397 1338 482 temporibus

313 479 441 545 uidetur
464 501 533 544 esse
555 501 615 544 oon
641 480 720 563 leta,
743 502 816 544 cum
832 479 898 545 sole
913 481 971 545 illo
987 503 1055 546 non
1070 483 1240 564 temporali
1255 486 1336 564 orto,

314 565 370 627 sed
399 584 474 628 uero
505 569 537 627 et
566 503 725 646 perlenni
752 565 821 628 filio
854 565 919 643 dei,
952 565 1072 629 flumen
1100 564 1180 628 illud
1207 566 1339 629 uineum

314 648 495 731 scripturae
518 647 664 712 caelestis
687 668 741 711 cor
763 647 904 711 hominis
926 648 989 712 hoc
1012 652 1062 712 est
1083 648 1182 712 totius
1205 650 1338 712 humani

287 733 443 814 cgeneris
466 731 669 796 laetificantis
692 732 782 795 omni
804 731 933 796 influxit
953 736 1073 796 terrae:
1098 732 1150 796 cui
1172 753 1272 816 aquae
1295 733 1337 796 ri·

312 816 407 880 nulus
435 814 469 879 id
496 819 545 880 est
589 815 790 900 hilosophiae
812 816 846 879 id
869 819 918 879 est
940 816 1173 900 eloquentium,
1202 838 1283 900 quae
1306 821 1339 881 et

313 898 385 981 ipsa
407 900 518 963 uinum
541 837 655 963 allecta
678 904 741 981 est,
763 900 941 982 scripturae
965 902 1120 963 ammixta
1135 900 1280 982 caelesti,
1303 901 1338 964 in

313 1002 377 1063 quo
405 982 537 1045 flumine
566 982 660 1046 uituli
685 987 717 1046 et
744 984 823 1066 agni
845 982 977 1060 ludunt,
1007 985 1139 1046 iuuenes
1162 984 1284 1048 scilicet
1299 987 1338 1048 =et

313 1067 449 1147 pennati
471 1066 617 1130 sensibus
640 1068 839 1149 ouantesque
867 1066 1101 1148 epithalamion
1125 1068 1277 1150 cytharae
1300 1089 1337 1132 ac

273 1165 298 1205 rc
311 1149 339 1211 si
367 1149 532 1212 modulatu
561 1153 775 1232 congruenter
797 1152 935 1233 apteque
959 1152 1147 1233 decantant,
1175 1151 1337 1236 nuptiales

311 1232 436 1296 scilicet
462 1233 731 1297 seratissimorum
766 1237 881 1296 cantus
913 1234 1137 1297 conuiuiorum
1164 1238 1335 1317 ponentes:

311 1335 448 1397 quorum
478 1336 555 1379 uoce
584 1316 694 1380 audita
723 1317 847 1380 caelum
870 1320 902 1378 et
924 1320 1010 1380 terra
1032 1316 1191 1400 spiritales
1213 1318 1337 1382 scilicet

311 1406 344 1462 et
367 1399 511 1462 carnales
533 1399 680 1463 homines
703 1401 848 1484 gaudent
870 1404 903 1463 et
925 1401 1138 1484 gratulantur.

398 1482 542 1556 Quorum
575 1505 673 1560 unus,
708 1484 893 1568 gratissime
927 1505 964 1547 ac
998 1484 1205 1548 dilectissime
1236 1484 1337 1549 frater

273 1581 298 1621 1⁵
311 1565 373 1629 Iuli
403 1567 551 1644 diacone,
580 1567 756 1650 scripturae
780 1566 909 1631 diuinae
940 1570 973 1629 et
995 1567 1140 1632 caelestis
1169 1568 1335 1632 doctrinae

310 1650 540 1714 iucundissimo
566 1650 745 1714 inebriatus
775 1651 851 1714 uino
875 1672 1012 1733 paruum
1035 1671 1162 1734 quoque
1184 1651 1272 1715 huno
1294 1653 1335 1715 ri·

310 1733 422 1797 uulurn
454 1733 699 1817 philosophicae
732 1734 911 1817 sapientiae
944 1735 978 1797 in
1011 1739 1137 1799 tantum
1168 1734 1250 1799 bibis
1300 1741 1337 1800 ut

310 1817 409 1879 etiam
433 1838 557 1901 eorum,
587 1818 641 1900 qui
665 1817 705 1881 ab
727 1817 821 1881 initio
843 1817 970 1890 fundati
993 1819 1081 1882 orbis
1104 1785 1335 1902 philosophicis

310 1898 447 1964 floruere
474 1899 609 1984 eloquiis
632 1921 668 1965 ac
691 1902 854 1981 sensibus,
883 1922 949 1965 non
974 1902 1076 1966 solum
1100 1903 1333 1984 aequiperator‚

229 2033 232 2038 .
270 1984 365 2047 used
390 1984 487 2048 etiarn
509 2005 695 2066 praecessor
718 1985 888 2049 exstiteris.
923 1985 1010 2049 unde
1033 1986 1242 2069 perscrutatis
1265 2009 1335 2068 per·

308 2065 467 2149 lectisque
495 2069 637 2132 omnium
666 2068 934 2152 philosophorum
962 2070 1053 2132 libris
1083 2090 1193 2134 omnes
1223 2090 1335 2133 eorum

309 2153 545 2215 controuersias
573 2151 720 2233 prudenti
749 2156 781 2214 et
809 2155 911 2234 gnoto
939 2153 1032 2216 corde
1055 2172 1258 2235 concoquens
1281 2153 1335 2217 ob·

308 2233 509 2296 scurissimas
538 2236 570 2297 et
599 2233 807 2298 difficillimas
836 2235 1042 2316 quaestiones
1071 2235 1221 2320 diligenti
1243 2234 1332 2299 inda·

307 2321 401 2398 gatas
424 2317 571 2381 examine
587 2318 627 2381 ad
647 2339 699 2381 me
720 2318 817 2382 uelud
833 2318 874 2381 ad
896 2318 1034 2382 iudicem
1057 2319 1333 2402 certissimumque

268 2414 294 2454 2⁶
308 2399 448 2463 limitum
471 2404 566 2482 atque
585 2402 711 2464 uiarum
726 2401 866 2465 indicem
874 2448 884 2482 ‚
906 2403 1017 2466 multis
1033 2402 1179 2483 epistolis
1196 2402 1334 2487 dirigere

307 2483 461 2564 dignatus
489 2504 539 2567 es,
568 2505 635 2547 non
664 2505 726 2566 quo
755 2505 815 2569 ego
845 2484 990 2548 omnium
1016 2486 1229 2568 peritissimus
1260 2486 1332 2569 sim,

307 2567 364 2629 sed
387 2588 449 2650 quo
472 2567 563 2649 quasi
586 2567 625 2631 ad
648 2568 790 2632 sodalem
814 2567 862 2631 tui
885 2569 1044 2651 uniusque
1059 2569 1134 2632 fidei
1150 2573 1333 2633 consortem

306 2649 488 2714 fiducialius
521 2650 671 2715 habueris
702 2650 741 2715 de
763 2651 952 2716 huiusmodi
981 2653 1222 2734 quaestionibus
1251 2654 1332 2717 mira

306 2733 455 2817 dirigere.
1293 2765 1298 2779 ¹

268 2829 293 2868 ³0
393 2814 484 2879 Inter
512 2815 591 2880 haec
618 2815 759 2879 maxima
780 2816 816 2880 in
838 2820 895 2880 tuo
918 2817 1027 2881 animo
1050 2817 1134 2881 sedit
1155 2839 1267 2900 causa,
1297 2822 1333 2881 ut

306 2899 345 2962 dc
368 2897 447 2962 Vlll
470 2899 622 2963 orationis
651 2900 813 2982 partibus,
842 2899 877 2963 in
908 2901 1023 2982 quibus
1050 2901 1207 2983 plurimae
1236 2922 1332 2984 quae·

374 3137 389 3184 3
408 3131 546 3200 perhenni
562 3131 597 3184 N
610 3132 652 3200 {17
672 3098 810 3185 ariamixta
834 3131 864 3197 (d
882 3149 917 3186 ra.
938 3109 986 3199 al.)
1010 3132 1044 3188 N
1059 3133 1101 3201 119
1126 3103 1331 3202 ophitarum¹on

305 3198 405 3308 cytide
417 3231 452 3285 N
463 3233 467 3299 Ι
484 3238 516 3285 10
529 3210 675 3309 moddlatu
693 3231 727 3286 N
741 3233 745 3299 Ι
769 3229 881 3300 aptaeqie
897 3232 931 3311 N
946 3233 956 3300 ΙΙ
974 3233 1101 3300 nuptiale
1119 3232 1153 3287 N
1165 3233 1177 3303 ΙΙ
1195 3240 1226 3288 1⁸2
1249 3235 1328 3302 spiri-

303 3296 409 3418 this
426 3301 490 3432 hl
505 3297 1069 3434 llllllllinal]Egilllpillllul
1078 3299 1331 3434 ‚titteris

303 3432 312 3481 i
335 3430 429 3551 nitonql¹
440 3438 473 3485 23
491 3431 640 3510 indagatus
650 3431 691 3510 ,N
706 3447 775 3510 corr:
794 3431 859 3510 Mai
875 3433 885 3499 ΙΙ
903 3439 936 3486 24
955 3433 1064 3486 verlud
1083 3432 1105 3498 (l
1123 3438 1204 3514 aas.)
1222 3435 1255 3488 N
1269 3436 1279 3500 l
1298 3440 1330 3490 ‘28

326 3497 391 3550 duci
421 3498 476 3566 rus]
498 3498 629 3553 fiduciale
649 3516 691 3552 ius
710 3513 780 3552 cocta.
793 3499 858 3552 Mac
871 3500 881 3566 ΙΙ
894 3506 925 3553 31
948 3498 1045 3554 VIIIto
1065 3501 1238 3555 orationibus
1256 3501 1294 3555 N.
