3210 4162
728 1067 993 1135 PRAEFATIO.

432 1241 598 1284 amamus
613 1241 700 1283 asso
716 1240 805 1283 mmo
823 1226 973 1284 assasse
989 1242 1130 1286 niaeoao
1148 1242 1302 1287 sansana.
1337 1221 1375 1286 In
1480 1230 1483 1235 '

346 1303 541 1367 Graecorum
573 1301 712 1386 legimus
741 1301 887 1366 historiis
916 1306 1025 1367 uatem
1054 1302 1214 1388 quendam
1241 1305 1376 1388 Tarqui·

344 1387 436 1450 nium
467 1407 529 1449 eon
556 1384 673 1450 Persas
701 1386 881 1464 exstitisse,
916 1386 972 1469 qui
1023 1386 1152 1471 uiequid
1181 1388 1375 1453 uaticinaius

344 1470 460 1534 fuisset
486 1467 614 1533 tabellis
643 1472 676 1532 ai
698 1468 854 1533 sediculis
875 1470 1015 1553 inprime
1039 1475 1089 1552 at,
1116 1471 1220 1536 donee
1243 1478 1376 1537 euentus

344 1553 414 1636 ipsa
447 1554 616 1636 probaret3
654 1572 717 1635 quo
746 1552 898 1636 conpleta
927 1553 1047 1637 scripta
1073 1553 1244 1638 prodebat.
1289 1556 1376 1620 inter
1402 1578 1414 1618 s

345 1658 428 1720 quae
444 1636 605 1721 quoddam
620 1636 769 1701 mirabile
784 1635 994 1720 prophetauii
1009 1658 1177 1721 areanum,
1200 1639 1286 1723 quod
1301 1640 1378 1724 quia

345 1721 451 1784 adhue
484 1741 550 1783 non
585 1720 717 1784 uidebat
743 1720 903 1804 inpletum
931 1742 1032 1804 usque
1061 1721 1101 1785 ad
1129 1726 1266 1786 mortem
1293 1724 1385 1787 nulli·

344 1803 449 1868 uoluit
470 1803 649 1868 ostendere.
683 1825 797 1868 uerum
819 1825 903 1886 pane
918 1805 989 1888 ipso
1005 1804 1072 1886 dia,
1095 1825 1160 1888 quo
1176 1805 1263 1870 uitae
1278 1807 1376 1871 finem

343 1889 436 1970 feeit,
462 1908 563 1952 unum
585 1908 625 1951 ex
646 1889 712 1952 suis
734 1887 867 1953 uocauit
889 1887 1055 1972 discipulis
1078 1889 1254 1972 adsignans
1277 1892 1306 1954 ei
1328 1894 1376 1954 ta·

344 1972 463 2036 bellam
491 1974 525 2036 et
551 1972 677 2035 dicens:
711 1978 770 2036 tea
797 1991 861 2049 me,
888 1972 950 2036 taen
977 1993 1041 2054 me,
1070 1974 1171 2056 oliti,
1200 1975 1279 2055 qaia
1301 1975 1377 2040 taea
1390 1997 1416 2037 ιο

343 2057 464 2137 senata
485 2055 629 2120 nondam
650 2055 771 2137 inpleta
792 2057 888 2120 sant!
907 2056 986 2136 faita
1008 2061 1037 2120 et
1058 2057 1166 2121 beatas
1188 2059 1248 2122 erit
1270 2061 1327 2138 qni
1340 2060 1377 2122 in

343 2139 410 2204 iltis
434 2139 554 2204 aiaerit
580 2138 785 2220 temnentes,
820 2139 935 2220 qaitns
967 2139 1045 2204 taee
1071 2140 1247 2222 conplenda
1274 2147 1375 2224 erant,

343 2242 426 2303 qnae
446 2223 484 2288 in
505 2223 567 2288 tae
592 2223 950 2288 antonomasiam.
988 2222 1070 2288 haee
1091 2223 1174 2288 uisio
1197 2223 1273 2288 talis
1296 2228 1375 2289 arat

343 2307 415 2371 aidi
444 2306 490 2369 ait
518 2306 601 2369 uatis
636 2307 816 2371 inmensam
842 2307 963 2388 flamen
993 2307 1031 2370 cte
1058 2307 1143 2371 eaeto
1171 2309 1274 2388 sinens
1302 2309 1374 2386 atto,

343 2394 373 2454 et
393 2389 450 2454 tea
470 2389 589 2470 ttamen
610 2392 726 2452 ninam
748 2393 827 2454 erat.
872 2390 975 2454 aiiam
997 2410 1119 2471 quoqne
1139 2392 1285 2456 riantam
1305 2393 1377 2456 nidi
1389 2412 1414 2453 15

344 2477 486 2539 eternae
506 2477 693 2538 manantem
710 2474 827 2554 petris,
858 2476 887 2538 et
907 2473 959 2538 iaie
985 2474 1114 2538 mantas
1141 2478 1209 2538 tam
1236 2479 1303 2539 orto
1327 2476 1376 2540 ia·

345 2558 419 2622 dari
443 2556 520 2621 sotis
546 2561 661 2638 rapina
688 2561 733 2621 est
759 2556 832 2640 [itte
858 2556 1006 2640 mantas]
1033 2558 1163 2622 etaiam
1183 2558 1314 2638 stamini
1335 2559 1376 2622 ab

345 2641 409 2706 atto
442 2641 576 2720 tabenti,
611 2645 640 2704 et
672 2640 789 2704 collecti
815 2642 853 2704 in
881 2659 984 2704 annm
1010 2641 1107 2722 ttaaii
1135 2643 1252 2705 ninam
1278 2643 1377 2723 effecti

343 2728 436 2801 senam
458 2727 487 2787 et
507 2741 609 2787 anam
631 2727 701 2787 erat
720 2723 841 2803 ttamen
864 2727 892 2788 et
905 2724 1016 2787 riaam
1031 2724 1157 2804 inplens
1171 2744 1210 2788 aa
1224 2725 1375 2805 tettarem,

345 2808 380 2871 in
403 2826 464 2887 qao
486 2807 649 2871 innumeri
671 2808 751 2889 ayni
771 2811 801 2871 et
821 2807 918 2871 aina
940 2806 1107 2889 indebant,
1130 2807 1326 2889 bibentesque
1340 2829 1377 2872 ea
1390 2831 1416 2871 ao

345 2911 378 2955 eo
400 2890 553 2955 inebm'ati
567 2890 797 2971 epithalamion
812 2891 978 2972 canebant,
1000 2895 1029 2955 et
1046 2911 1155 2957 eoram
1170 2893 1284 2956 andita
1304 2912 1377 2957 aeae

344 2974 466 3039 anetam
487 2993 527 3038 aa
548 2977 636 3037 terra
652 2975 781 3054 pariter
803 2973 923 3037 laetata
945 2978 1029 3038 sant.

414 3188 553 3244 laeana
571 3186 784 3242 Paasaasle
801 3186 970 3245 Maaoals
988 3188 1023 3243 Ν
1037 3191 1047 3257 ιι
1064 3195 1079 3241 e
1097 3158 1272 3258 arqua¹um
1289 3191 1324 3246 a
1338 3193 1376 3259 ua

346 3321 400 3360 eon
418 3305 471 3373 au
489 3264 624 3374 quioquid
641 3304 676 3359 Ν
690 3306 700 3374 ιι
719 3312 734 3358 s
752 3289 891 3374 probaret
908 3305 936 3372 ι,
955 3322 991 3363 a.
1010 3306 1061 3373 a.)
1078 3305 1114 3359 N
1126 3307 1137 3375 ιι
1155 3312 1172 3361 a
1190 3306 1260 3361 sne
1278 3306 1332 3376 Νι
1346 3313 1377 3362 a

345 3385 510 3470 mantuam
526 3406 580 3474 Νι
595 3411 627 3461 1a
644 3410 706 3473 poa
718 3403 833 3460 conecti
844 3421 901 3464 ra.
912 3407 984 3460 e-s
1001 3405 1056 3461 aa.
1074 3407 1178 3485 anau
1190 3413 1223 3462 eo
1241 3393 1378 3462 ludebant

346 3507 385 3573 (lu
396 3522 466 3561 corr.
476 3523 511 3562 ea
520 3506 558 3573 vi)
567 3507 603 3561 N
611 3507 621 3575 ΙΙ
634 3507 702 3575 que]
717 3521 790 3574 quae
800 3505 834 3560 N
844 3506 854 3574 i
867 3513 897 3560 21
911 3475 1162 3574 ephithalam’h'N
1169 3509 1181 3577 ιΙ
1193 3514 1226 3561 22
1239 3508 1329 3562 letata
1337 3509 1376 3566 N.
