<?xml version="1.0" encoding="UTF-8"?>
<!DOCTYPE html PUBLIC "-//W3C//DTD XHTML 1.0 Transitional//EN"
    "http://www.w3.org/TR/xhtml1/DTD/xhtml1-transitional.dtd">
<html xmlns="http://www.w3.org/1999/xhtml" xml:lang="en" lang="en">
 <head>
  <title>
</title>
<meta http-equiv="Content-Type" content="text/html;charset=utf-8" />
  <meta name='ocr-system' content='tesseract 3.04.00' />
  <meta name='ocr-capabilities' content='ocr_page ocr_carea ocr_par ocr_line ocrx_word'/>
</head>
<body>
  <div class='ocr_page' id='page_1' title='image "./opera02virggoog_0064.png"; bbox 0 0 3210 4162; ppageno 0'>
   <div class='ocr_carea' id='block_1_1' title="bbox 778 270 1438 387">
    <p class='ocr_par' dir='ltr' id='par_1_1' title="bbox 778 270 1438 387">
     <span class='ocr_line' id='line_1_1' title="bbox 778 270 1438 387; baseline 0.003 -19"><span class='ocrx_word' id='word_1_1' title='bbox 778 314 812 374; x_wconf 83' lang='lat' dir='ltr'>v,</span> <span class='ocrx_word' id='word_1_2' title='bbox 839 313 888 369; x_wconf 87' lang='lat' dir='ltr'>un</span> <span class='ocrx_word' id='word_1_3' title='bbox 906 313 1063 372; x_wconf 84' lang='lat' dir='ltr'>uonmn.</span> <span class='ocrx_word' id='word_1_4' title='bbox 1298 270 1300 275; x_wconf 50' lang='grc'>’</span> <span class='ocrx_word' id='word_1_5' title='bbox 1395 321 1438 387; x_wconf 86' lang='lat'>39</span> 
     </span>
    </p>
   </div>
   <div class='ocr_carea' id='block_1_2' title="bbox 400 467 1473 2060">
    <p class='ocr_par' dir='ltr' id='par_1_2' title="bbox 400 467 1473 2060">
     <span class='ocr_line' id='line_1_2' title="bbox 404 467 1437 556; baseline 0.004 -24"><span class='ocrx_word' id='word_1_6' title='bbox 404 467 550 551; x_wconf 85' lang='lat' dir='ltr'>nomina,</span> <span class='ocrx_word' id='word_1_7' title='bbox 575 488 658 551; x_wconf 86' lang='lat' dir='ltr'>quae</span> <span class='ocrx_word' id='word_1_8' title='bbox 680 468 792 533; x_wconf 87' lang='lat' dir='ltr'>multis</span> <span class='ocrx_word' id='word_1_9' title='bbox 810 468 959 535; x_wconf 86' lang='lat' dir='ltr'>uidentur</span> <span class='ocrx_word' id='word_1_10' title='bbox 975 491 1045 535; x_wconf 89' lang='lat' dir='ltr'>esse</span> <span class='ocrx_word' id='word_1_11' title='bbox 1060 469 1231 554; x_wconf 80' lang='lat' dir='ltr'>deiectius,</span> <span class='ocrx_word' id='word_1_12' title='bbox 1254 471 1339 556; x_wconf 90' lang='lat' dir='ltr'>quod</span> <span class='ocrx_word' id='word_1_13' title='bbox 1354 471 1437 538; x_wconf 88' lang='lat' dir='ltr'>ratio</span> 
     </span>
     <span class='ocr_line' id='line_1_3' title="bbox 404 551 1438 636; baseline 0.007 -22"><span class='ocrx_word' id='word_1_14' title='bbox 404 551 554 616; x_wconf 88' lang='lat' dir='ltr'>lectionis</span> <span class='ocrx_word' id='word_1_15' title='bbox 577 551 726 616; x_wconf 73' lang='lat' dir='ltr'>annullat</span> <span class='ocrx_word' id='word_1_16' title='bbox 752 555 790 616; x_wconf 89' lang='lat' dir='ltr'>ut</span> <span class='ocrx_word' id='word_1_17' title='bbox 815 572 876 618; x_wconf 91' lang='lat' dir='ltr'>uas</span> <span class='ocrx_word' id='word_1_18' title='bbox 905 556 938 618; x_wconf 89' lang='lat' dir='ltr'>et</span> <span class='ocrx_word' id='word_1_19' title='bbox 964 574 1034 636; x_wconf 89' lang='lat' dir='ltr'>spes</span> <span class='ocrx_word' id='word_1_20' title='bbox 1062 556 1153 620; x_wconf 75' lang='lat' dir='ltr'>cleers</span> <span class='ocrx_word' id='word_1_21' title='bbox 1178 575 1258 623; x_wconf 79' lang='lat' dir='ltr'>mae.</span> <span class='ocrx_word' id='word_1_22' title='bbox 1297 557 1354 620; x_wconf 90' lang='lat' dir='ltr'>sed</span> <span class='ocrx_word' id='word_1_23' title='bbox 1375 576 1438 621; x_wconf 89' lang='lat' dir='ltr'>uas</span> 
     </span>
     <span class='ocr_line' id='line_1_4' title="bbox 403 634 1435 722; baseline 0.007 -23"><span class='ocrx_word' id='word_1_24' title='bbox 403 635 440 700; x_wconf 87' lang='lat' dir='ltr'>in</span> <span class='ocrx_word' id='word_1_25' title='bbox 469 634 686 700; x_wconf 75' lang='lat' dir='ltr'>declinatione</span> <span class='ocrx_word' id='word_1_26' title='bbox 715 636 880 721; x_wconf 83' lang='lat' dir='ltr'>uariatur,</span> <span class='ocrx_word' id='word_1_27' title='bbox 914 636 971 701; x_wconf 86' lang='lat' dir='ltr'>alii</span> <span class='ocrx_word' id='word_1_28' title='bbox 998 639 1084 703; x_wconf 87' lang='lat' dir='ltr'>enim</span> <span class='ocrx_word' id='word_1_29' title='bbox 1113 640 1148 702; x_wconf 92' lang='lat' dir='ltr'>in</span> <span class='ocrx_word' id='word_1_30' title='bbox 1176 639 1322 722; x_wconf 83' lang='lat' dir='ltr'>genitiuo</span> <span class='ocrx_word' id='word_1_31' title='bbox 1344 641 1435 705; x_wconf 83' lang='lat' dir='ltr'>uassi</span> 
     </span>
     <span class='ocr_line' id='line_1_5' title="bbox 403 719 1435 806; baseline 0.008 -24"><span class='ocrx_word' id='word_1_32' title='bbox 403 722 555 803; x_wconf 85' lang='lat' dir='ltr'>putantes</span> <span class='ocrx_word' id='word_1_33' title='bbox 588 726 621 784; x_wconf 89' lang='lat' dir='ltr'>et</span> <span class='ocrx_word' id='word_1_34' title='bbox 649 719 685 783; x_wconf 91' lang='lat' dir='ltr'>in</span> <span class='ocrx_word' id='word_1_35' title='bbox 714 719 856 785; x_wconf 83' lang='lat' dir='ltr'>ablaiiuo</span> <span class='ocrx_word' id='word_1_36' title='bbox 884 741 980 789; x_wconf 89' lang='lat' dir='ltr'>uasso</span> <span class='ocrx_word' id='word_1_37' title='bbox 1010 727 1043 786; x_wconf 89' lang='lat' dir='ltr'>et</span> <span class='ocrx_word' id='word_1_38' title='bbox 1070 722 1240 806; x_wconf 78' lang='lat' dir='ltr'>pluraliter</span> <span class='ocrx_word' id='word_1_39' title='bbox 1263 743 1435 790; x_wconf 87' lang='lat' dir='ltr'>uasserum</span> 
     </span>
     <span class='ocr_line' id='line_1_6' title="bbox 401 803 1473 950; baseline 0 -82"><span class='ocrx_word' id='word_1_40' title='bbox 401 805 509 868; x_wconf 87' lang='lat' dir='ltr'>nassis</span> <span class='ocrx_word' id='word_1_41' title='bbox 531 803 578 867; x_wconf 89' lang='lat' dir='ltr'>ita</span> <span class='ocrx_word' id='word_1_42' title='bbox 589 803 819 868; x_wconf 88' lang='lat' dir='ltr'>declinandum</span> <span class='ocrx_word' id='word_1_43' title='bbox 830 808 1044 950; x_wconf 78' lang='lat' dir='ltr'>putauerunt3</span> <span class='ocrx_word' id='word_1_44' title='bbox 1067 825 1128 869; x_wconf 88' lang='lat' dir='ltr'>nos</span> <span class='ocrx_word' id='word_1_45' title='bbox 1139 810 1249 869; x_wconf 84' lang='lat' dir='ltr'>autem</span> <span class='ocrx_word' id='word_1_46' title='bbox 1260 810 1434 890; x_wconf 85' lang='lat' dir='ltr'>sequentes</span> <span class='ocrx_word' id='word_1_47' title='bbox 1459 827 1473 868; x_wconf 80' lang='lat' dir='ltr'>e</span> 
     </span>
     <span class='ocr_line' id='line_1_7' title="bbox 404 886 1433 972; baseline 0.008 -23"><span class='ocrx_word' id='word_1_48' title='bbox 404 886 571 950; x_wconf 89' lang='lat' dir='ltr'>doctorum</span> <span class='ocrx_word' id='word_1_49' title='bbox 599 887 681 952; x_wconf 90' lang='lat' dir='ltr'>scita</span> <span class='ocrx_word' id='word_1_50' title='bbox 703 909 770 951; x_wconf 90' lang='lat' dir='ltr'>non</span> <span class='ocrx_word' id='word_1_51' title='bbox 792 909 835 952; x_wconf 93' lang='lat' dir='ltr'>uu</span> <span class='ocrx_word' id='word_1_52' title='bbox 849 889 982 972; x_wconf 81' lang='lat' dir='ltr'>garibus</span> <span class='ocrx_word' id='word_1_53' title='bbox 1004 889 1213 972; x_wconf 82' lang='lat' dir='ltr'>opinionibus</span> <span class='ocrx_word' id='word_1_54' title='bbox 1236 890 1433 958; x_wconf 83' lang='lat' dir='ltr'>adducimur.</span> 
     </span>
     <span class='ocr_line' id='line_1_8' title="bbox 404 970 1435 1054; baseline 0.006 -21"><span class='ocrx_word' id='word_1_55' title='bbox 404 970 490 1034; x_wconf 87' lang='lat' dir='ltr'>docti</span> <span class='ocrx_word' id='word_1_56' title='bbox 513 971 672 1054; x_wconf 89' lang='lat' dir='ltr'>siquidem</span> <span class='ocrx_word' id='word_1_57' title='bbox 693 971 790 1036; x_wconf 88' lang='lat' dir='ltr'>huius</span> <span class='ocrx_word' id='word_1_58' title='bbox 811 973 956 1037; x_wconf 87' lang='lat' dir='ltr'>no‘minis</span> <span class='ocrx_word' id='word_1_59' title='bbox 978 973 1228 1038; x_wconf 82' lang='lat' dir='ltr'>declinationem</span> <span class='ocrx_word' id='word_1_60' title='bbox 1251 973 1315 1039; x_wconf 93' lang='lat' dir='ltr'>hoc</span> <span class='ocrx_word' id='word_1_61' title='bbox 1338 974 1435 1041; x_wconf 85' lang='lat' dir='ltr'>nobis</span> 
     </span>
     <span class='ocr_line' id='line_1_9' title="bbox 403 1053 1435 1141; baseline 0.007 -24"><span class='ocrx_word' id='word_1_62' title='bbox 403 1053 499 1118; x_wconf 90' lang='lat' dir='ltr'>modo</span> <span class='ocrx_word' id='word_1_63' title='bbox 521 1055 684 1119; x_wconf 83' lang='lat' dir='ltr'>tradidere</span> <span class='ocrx_word' id='word_1_64' title='bbox 706 1075 768 1122; x_wconf 87' lang='lat' dir='ltr'>uus</span> <span class='ocrx_word' id='word_1_65' title='bbox 788 1059 894 1122; x_wconf 89' lang='lat' dir='ltr'>uassis</span> <span class='ocrx_word' id='word_1_66' title='bbox 915 1061 1006 1123; x_wconf 85' lang='lat' dir='ltr'>uassr&#39;</span> <span class='ocrx_word' id='word_1_67' title='bbox 1027 1078 1089 1124; x_wconf 85' lang='lat' dir='ltr'>uas</span> <span class='ocrx_word' id='word_1_68' title='bbox 1108 1077 1202 1123; x_wconf 87' lang='lat' dir='ltr'>nasse</span> <span class='ocrx_word' id='word_1_69' title='bbox 1217 1062 1250 1122; x_wconf 88' lang='lat' dir='ltr'>et</span> <span class='ocrx_word' id='word_1_70' title='bbox 1265 1058 1435 1141; x_wconf 85' lang='lat' dir='ltr'>pluraliter</span> 
     </span>
     <span class='ocr_line' id='line_1_10' title="bbox 402 1140 1433 1209; baseline 0.007 -8"><span class='ocrx_word' id='word_1_71' title='bbox 402 1157 501 1203; x_wconf 85' lang='lat' dir='ltr'>nasso</span> <span class='ocrx_word' id='word_1_72' title='bbox 522 1158 656 1203; x_wconf 88' lang='lat' dir='ltr'>nussum</span> <span class='ocrx_word' id='word_1_73' title='bbox 677 1140 827 1205; x_wconf 85' lang='lat' dir='ltr'>uassibus</span> <span class='ocrx_word' id='word_1_74' title='bbox 847 1159 948 1206; x_wconf 88' lang='lat' dir='ltr'>uassu</span> <span class='ocrx_word' id='word_1_75' title='bbox 968 1160 1069 1207; x_wconf 83' lang='lat' dir='ltr'>nassa</span> <span class='ocrx_word' id='word_1_76' title='bbox 1085 1143 1243 1209; x_wconf 75' lang='lat' dir='ltr'>uorsibus.</span> <span class='ocrx_word' id='word_1_77' title='bbox 1277 1141 1340 1206; x_wconf 89' lang='lat' dir='ltr'>hoo</span> <span class='ocrx_word' id='word_1_78' title='bbox 1355 1164 1433 1208; x_wconf 87' lang='lat' dir='ltr'>sane</span> 
     </span>
     <span class='ocr_line' id='line_1_11' title="bbox 403 1221 1473 1307; baseline 0.001 -22"><span class='ocrx_word' id='word_1_79' title='bbox 403 1221 682 1303; x_wconf 86' lang='lat' dir='ltr'>considerandum,</span> <span class='ocrx_word' id='word_1_80' title='bbox 706 1223 793 1307; x_wconf 92' lang='lat' dir='ltr'>quod</span> <span class='ocrx_word' id='word_1_81' title='bbox 816 1224 919 1289; x_wconf 86' lang='lat' dir='ltr'>multa</span> <span class='ocrx_word' id='word_1_82' title='bbox 941 1226 1073 1288; x_wconf 90' lang='lat' dir='ltr'>nomina</span> <span class='ocrx_word' id='word_1_83' title='bbox 1094 1229 1211 1289; x_wconf 86' lang='lat' dir='ltr'>neutra</span> <span class='ocrx_word' id='word_1_84' title='bbox 1233 1224 1312 1289; x_wconf 88' lang='lat' dir='ltr'>duas</span> <span class='ocrx_word' id='word_1_85' title='bbox 1335 1225 1432 1290; x_wconf 89' lang='lat' dir='ltr'>decli·</span> <span class='ocrx_word' id='word_1_86' title='bbox 1448 1248 1473 1287; x_wconf 84' lang='grc' dir='ltr'>ιο</span> 
     </span>
     <span class='ocr_line' id='line_1_12' title="bbox 401 1304 1432 1389; baseline 0.005 -21"><span class='ocrx_word' id='word_1_87' title='bbox 401 1305 553 1370; x_wconf 87' lang='lat' dir='ltr'>nationes</span> <span class='ocrx_word' id='word_1_88' title='bbox 585 1304 708 1370; x_wconf 86' lang='lat' dir='ltr'>habent</span> <span class='ocrx_word' id='word_1_89' title='bbox 735 1311 771 1371; x_wconf 93' lang='lat' dir='ltr'>ut</span> <span class='ocrx_word' id='word_1_90' title='bbox 795 1306 976 1388; x_wconf 74' lang='lat' dir='ltr'>fundamen</span> <span class='ocrx_word' id='word_1_91' title='bbox 1007 1309 1212 1389; x_wconf 72' lang='lat' dir='ltr'>fundaminis</span> <span class='ocrx_word' id='word_1_92' title='bbox 1248 1313 1281 1372; x_wconf 85' lang='lat' dir='ltr'>ct</span> <span class='ocrx_word' id='word_1_93' title='bbox 1314 1314 1432 1374; x_wconf 86' lang='lat' dir='ltr'>cetera.</span> 
     </span>
     <span class='ocr_line' id='line_1_13' title="bbox 402 1390 1433 1475; baseline 0.005 -23"><span class='ocrx_word' id='word_1_94' title='bbox 402 1391 481 1454; x_wconf 89' lang='lat' dir='ltr'>item</span> <span class='ocrx_word' id='word_1_95' title='bbox 501 1390 749 1470; x_wconf 71' lang='lat' dir='ltr'>fundamentum</span> <span class='ocrx_word' id='word_1_96' title='bbox 770 1395 795 1456; x_wconf 85' lang='lat' dir='ltr'>ti</span> <span class='ocrx_word' id='word_1_97' title='bbox 817 1396 847 1456; x_wconf 91' lang='lat' dir='ltr'>te</span> <span class='ocrx_word' id='word_1_98' title='bbox 873 1392 920 1455; x_wconf 90' lang='lat' dir='ltr'>sic</span> <span class='ocrx_word' id='word_1_99' title='bbox 943 1395 975 1456; x_wconf 90' lang='lat' dir='ltr'>et</span> <span class='ocrx_word' id='word_1_100' title='bbox 997 1396 1138 1457; x_wconf 88' lang='lat' dir='ltr'>stramen</span> <span class='ocrx_word' id='word_1_101' title='bbox 1159 1395 1193 1455; x_wconf 88' lang='lat' dir='ltr'>et</span> <span class='ocrx_word' id='word_1_102' title='bbox 1213 1397 1433 1475; x_wconf 84' lang='lat' dir='ltr'>stramentum,</span> 
     </span>
     <span class='ocr_line' id='line_1_14' title="bbox 403 1477 1434 1558; baseline 0.004 -20"><span class='ocrx_word' id='word_1_103' title='bbox 403 1493 572 1555; x_wconf 82' lang='lat' dir='ltr'>copuomen</span> <span class='ocrx_word' id='word_1_104' title='bbox 584 1479 832 1557; x_wconf 81' lang='lat' dir='ltr'>copnomeutum,</span> <span class='ocrx_word' id='word_1_105' title='bbox 843 1477 998 1557; x_wconf 88' lang='lat' dir='ltr'>specimen</span> <span class='ocrx_word' id='word_1_106' title='bbox 1009 1477 1434 1558; x_wconf 85' lang='lat' dir='ltr'>specimeutum,crassauren</span> 
     </span>
     <span class='ocr_line' id='line_1_15' title="bbox 402 1558 1432 1643; baseline 0.003 -22"><span class='ocrx_word' id='word_1_107' title='bbox 402 1563 656 1624; x_wconf 78' lang='lat' dir='ltr'>cressementum</span> <span class='ocrx_word' id='word_1_108' title='bbox 679 1562 712 1623; x_wconf 91' lang='lat' dir='ltr'>et</span> <span class='ocrx_word' id='word_1_109' title='bbox 734 1563 856 1639; x_wconf 83' lang='lat' dir='ltr'>cetera,</span> <span class='ocrx_word' id='word_1_110' title='bbox 887 1580 970 1643; x_wconf 88' lang='lat' dir='ltr'>quae</span> <span class='ocrx_word' id='word_1_111' title='bbox 992 1560 1027 1623; x_wconf 93' lang='lat' dir='ltr'>in</span> <span class='ocrx_word' id='word_1_112' title='bbox 1049 1580 1073 1624; x_wconf 94' lang='lat' dir='ltr'>n</span> <span class='ocrx_word' id='word_1_113' title='bbox 1094 1558 1309 1623; x_wconf 87' lang='lat' dir='ltr'>declinantur.</span> <span class='ocrx_word' id='word_1_114' title='bbox 1353 1560 1432 1624; x_wconf 90' lang='lat' dir='ltr'>item</span> 
     </span>
     <span class='ocr_line' id='line_1_16' title="bbox 402 1641 1472 1726; baseline -0.004 -19"><span class='ocrx_word' id='word_1_115' title='bbox 402 1641 505 1707; x_wconf 86' lang='lat' dir='ltr'>ultore</span> <span class='ocrx_word' id='word_1_116' title='bbox 525 1642 574 1706; x_wconf 88' lang='lat' dir='ltr'>ris</span> <span class='ocrx_word' id='word_1_117' title='bbox 596 1646 629 1707; x_wconf 87' lang='lat' dir='ltr'>et</span> <span class='ocrx_word' id='word_1_118' title='bbox 651 1643 808 1710; x_wconf 90' lang='lat' dir='ltr'>altarium</span> <span class='ocrx_word' id='word_1_119' title='bbox 828 1643 889 1725; x_wconf 90' lang='lat' dir='ltr'>rii,</span> <span class='ocrx_word' id='word_1_120' title='bbox 911 1662 1065 1726; x_wconf 76' lang='lat' dir='ltr'>praesepe</span> <span class='ocrx_word' id='word_1_121' title='bbox 1080 1644 1302 1725; x_wconf 81' lang='lat' dir='ltr'>praesepium,</span> <span class='ocrx_word' id='word_1_122' title='bbox 1330 1646 1434 1710; x_wconf 89' lang='lat' dir='ltr'>simile</span> <span class='ocrx_word' id='word_1_123' title='bbox 1448 1663 1472 1704; x_wconf 82' lang='lat'>15</span> 
     </span>
     <span class='ocr_line' id='line_1_17' title="bbox 400 1725 1431 1806; baseline 0.003 -16"><span class='ocrx_word' id='word_1_124' title='bbox 400 1725 574 1806; x_wconf 82' lang='lat' dir='ltr'>similium,</span> <span class='ocrx_word' id='word_1_125' title='bbox 611 1727 750 1792; x_wconf 83' lang='lat' dir='ltr'>terribile</span> <span class='ocrx_word' id='word_1_126' title='bbox 791 1727 999 1806; x_wconf 79' lang='lat' dir='ltr'>terribilium,</span> <span class='ocrx_word' id='word_1_127' title='bbox 1038 1727 1186 1792; x_wconf 84' lang='lat' dir='ltr'>mirabile</span> <span class='ocrx_word' id='word_1_128' title='bbox 1222 1727 1431 1793; x_wconf 87' lang='lat' dir='ltr'>mirabilium.</span> 
     </span>
     <span class='ocr_line' id='line_1_18' title="bbox 403 1808 1432 1893; baseline 0.005 -23"><span class='ocrx_word' id='word_1_129' title='bbox 403 1811 481 1885; x_wconf 83' lang='lat' dir='ltr'>sunt</span> <span class='ocrx_word' id='word_1_130' title='bbox 503 1808 600 1872; x_wconf 87' lang='lat' dir='ltr'>etiem</span> <span class='ocrx_word' id='word_1_131' title='bbox 623 1810 782 1873; x_wconf 86' lang='lat' dir='ltr'>feminina</span> <span class='ocrx_word' id='word_1_132' title='bbox 804 1810 947 1891; x_wconf 88' lang='lat' dir='ltr'>nomina,</span> <span class='ocrx_word' id='word_1_133' title='bbox 968 1831 1051 1893; x_wconf 86' lang='lat' dir='ltr'>quae</span> <span class='ocrx_word' id='word_1_134' title='bbox 1074 1810 1194 1893; x_wconf 92' lang='lat' dir='ltr'>duplici</span> <span class='ocrx_word' id='word_1_135' title='bbox 1216 1810 1432 1875; x_wconf 85' lang='lat' dir='ltr'>declinatione</span> 
     </span>
     <span class='ocr_line' id='line_1_19' title="bbox 400 1890 1430 1977; baseline 0.005 -24"><span class='ocrx_word' id='word_1_136' title='bbox 400 1890 543 1975; x_wconf 81' lang='lat' dir='ltr'>gaudent</span> <span class='ocrx_word' id='word_1_137' title='bbox 565 1895 602 1956; x_wconf 90' lang='lat' dir='ltr'>ut</span> <span class='ocrx_word' id='word_1_138' title='bbox 622 1894 771 1958; x_wconf 86' lang='lat' dir='ltr'>materies</span> <span class='ocrx_word' id='word_1_139' title='bbox 792 1897 825 1957; x_wconf 92' lang='lat' dir='ltr'>et</span> <span class='ocrx_word' id='word_1_140' title='bbox 847 1895 1001 1972; x_wconf 84' lang='lat' dir='ltr'>materia,</span> <span class='ocrx_word' id='word_1_141' title='bbox 1024 1895 1185 1975; x_wconf 85' lang='lat' dir='ltr'>temperies</span> <span class='ocrx_word' id='word_1_142' title='bbox 1207 1898 1430 1977; x_wconf 78' lang='lat' dir='ltr'>temperantia,</span> 
     </span>
     <span class='ocr_line' id='line_1_20' title="bbox 400 1976 1431 2060; baseline 0.007 -22"><span class='ocrx_word' id='word_1_143' title='bbox 400 1976 545 2040; x_wconf 86' lang='lat' dir='ltr'>caluities</span> <span class='ocrx_word' id='word_1_144' title='bbox 559 1976 704 2059; x_wconf 87' lang='lat' dir='ltr'>caluitio,</span> <span class='ocrx_word' id='word_1_145' title='bbox 727 1977 805 2041; x_wconf 88' lang='lat' dir='ltr'>licet</span> <span class='ocrx_word' id='word_1_146' title='bbox 826 1977 865 2041; x_wconf 87' lang='lat' dir='ltr'>fit</span> <span class='ocrx_word' id='word_1_147' title='bbox 879 1981 912 2041; x_wconf 86' lang='lat' dir='ltr'>et</span> <span class='ocrx_word' id='word_1_148' title='bbox 929 1978 1105 2060; x_wconf 88' lang='lat' dir='ltr'>caluitium,</span> <span class='ocrx_word' id='word_1_149' title='bbox 1124 1978 1271 2060; x_wconf 83' lang='lat' dir='ltr'>sepnities</span> <span class='ocrx_word' id='word_1_150' title='bbox 1284 1980 1431 2059; x_wconf 83' lang='lat' dir='ltr'>sepuitia,</span> 
     </span>
    </p>
   </div>
   <div class='ocr_carea' id='block_1_3' title="bbox 397 2141 1433 3077">
    <p class='ocr_par' dir='ltr' id='par_1_3' title="bbox 398 2141 1433 2744">
     <span class='ocr_line' id='line_1_21' title="bbox 470 2141 1432 2220; baseline 0.003 -27"><span class='ocrx_word' id='word_1_151' title='bbox 470 2146 510 2195; x_wconf 89' lang='lat'>11.</span> <span class='ocrx_word' id='word_1_152' title='bbox 528 2143 600 2198; x_wconf 81' lang='lat' dir='ltr'>Eue.</span> <span class='ocrx_word' id='word_1_153' title='bbox 614 2141 706 2196; x_wconf 88' lang='lat' dir='ltr'>Naue.</span> <span class='ocrx_word' id='word_1_154' title='bbox 714 2157 746 2220; x_wconf 83' lang='lat' dir='ltr'>p.</span> <span class='ocrx_word' id='word_1_155' title='bbox 758 2146 806 2197; x_wconf 84' lang='lat'>19:</span> <span class='ocrx_word' id='word_1_156' title='bbox 830 2141 867 2196; x_wconf 87' lang='lat' dir='ltr'>Et</span> <span class='ocrx_word' id='word_1_157' title='bbox 884 2142 953 2196; x_wconf 88' lang='lat' dir='ltr'>item</span> <span class='ocrx_word' id='word_1_158' title='bbox 971 2142 1189 2196; x_wconf 83' lang='lat' dir='ltr'>fundamentum</span> <span class='ocrx_word' id='word_1_159' title='bbox 1202 2143 1289 2196; x_wconf 88' lang='lat' dir='ltr'>-sic</span> <span class='ocrx_word' id='word_1_160' title='bbox 1306 2144 1432 2196; x_wconf 87' lang='lat' dir='ltr'>stramen</span> 
     </span>
     <span class='ocr_line' id='line_1_22' title="bbox 398 2208 1433 2341; baseline 0.001 -80"><span class='ocrx_word' id='word_1_161' title='bbox 398 2209 618 2329; x_wconf 57' lang='lat' dir='ltr'>t-nppelpiamen</span> <span class='ocrx_word' id='word_1_162' title='bbox 645 2211 868 2330; x_wconf 58' lang='lat' dir='ltr'>spepnpimentum</span> <span class='ocrx_word' id='word_1_163' title='bbox 883 2239 924 2332; x_wconf 55' lang='lat'><strong>1-7-</strong></span> <span class='ocrx_word' id='word_1_164' title='bbox 942 2209 1046 2330; x_wconf 58' lang='lat' dir='ltr'>pltaris</span> <span class='ocrx_word' id='word_1_165' title='bbox 1069 2212 1106 2330; x_wconf 59' lang='lat' dir='ltr'>pp</span> <span class='ocrx_word' id='word_1_166' title='bbox 1129 2208 1223 2341; x_wconf 50' lang='lat' dir='ltr'>‘illarii</span> <span class='ocrx_word' id='word_1_167' title='bbox 1246 2238 1279 2247; x_wconf 94' lang='lat'>—</span> <span class='ocrx_word' id='word_1_168' title='bbox 1303 2209 1433 2330; x_wconf 46' lang='lat' dir='ltr'>tamphilp</span> 
     </span>
     <span class='ocr_line' id='line_1_23' title="bbox 399 2277 1433 2418; baseline 0.002 -25"><span class='ocrx_word' id='word_1_169' title='bbox 399 2291 499 2418; x_wconf 75' lang='lat' dir='ltr'>riiulta1</span> <span class='ocrx_word' id='word_1_170' title='bbox 508 2291 904 2409; x_wconf 45' lang='lat' dir='ltr'>aldidrinandlddeI-undalvitia</span> <span class='ocrx_word' id='word_1_171' title='bbox 916 2292 1066 2398; x_wconf 55' lang='lat' dir='ltr'>&#39;caliidis</span> <span class='ocrx_word' id='word_1_172' title='bbox 1085 2278 1224 2418; x_wconf 36' lang='lat' dir='ltr'>-oniiiiz</span> <span class='ocrx_word' id='word_1_173' title='bbox 1238 2292 1281 2395; x_wconf 79' lang='lat' dir='ltr'>dis</span> <span class='ocrx_word' id='word_1_174' title='bbox 1296 2277 1375 2395; x_wconf 72' lang='lat' dir='ltr'>ilisa</span> <span class='ocrx_word' id='word_1_175' title='bbox 1381 2294 1433 2396; x_wconf 63' lang='lat' dir='ltr'>1iiii</span> 
     </span>
     <span class='ocr_line' id='line_1_24' title="bbox 399 2407 1431 2482; baseline 0.002 -22"><span class='ocrx_word' id='word_1_176' title='bbox 399 2407 522 2482; x_wconf 77' lang='lat' dir='ltr'>segnitie</span> <span class='ocrx_word' id='word_1_177' title='bbox 539 2408 653 2478; x_wconf 85' lang='lat' dir='ltr'>frigoris</span> <span class='ocrx_word' id='word_1_178' title='bbox 670 2438 704 2448; x_wconf 91' lang='lat'>-</span> <span class='ocrx_word' id='word_1_179' title='bbox 724 2410 856 2462; x_wconf 84' lang='lat' dir='ltr'>subiti-</span> <span class='ocrx_word' id='word_1_180' title='bbox 870 2426 888 2462; x_wconf 85' lang='lat' dir='ltr'>a</span> <span class='ocrx_word' id='word_1_181' title='bbox 905 2409 1003 2463; x_wconf 90' lang='lat' dir='ltr'>labore</span> <span class='ocrx_word' id='word_1_182' title='bbox 1022 2409 1163 2477; x_wconf 80' lang='lat' dir='ltr'>refrigerii</span> <span class='ocrx_word' id='word_1_183' title='bbox 1181 2438 1214 2448; x_wconf 89' lang='lat'>-</span> <span class='ocrx_word' id='word_1_184' title='bbox 1233 2408 1388 2462; x_wconf 80' lang='lat' dir='ltr'>similitudo</span> <span class='ocrx_word' id='word_1_185' title='bbox 1401 2410 1431 2462; x_wconf 93' lang='lat' dir='ltr'>in</span> 
     </span>
     <span class='ocr_line' id='line_1_25' title="bbox 399 2475 1431 2542; baseline 0.003 -17"><span class='ocrx_word' id='word_1_186' title='bbox 399 2475 512 2542; x_wconf 80' lang='lat' dir='ltr'>pictura</span> <span class='ocrx_word' id='word_1_187' title='bbox 526 2505 558 2515; x_wconf 90' lang='lat'>-</span> <span class='ocrx_word' id='word_1_188' title='bbox 573 2479 706 2530; x_wconf 80' lang='lat' dir='ltr'>canterus</span> <span class='ocrx_word' id='word_1_189' title='bbox 721 2475 832 2530; x_wconf 69' lang='lat' dir='ltr'>&#39;animal</span> <span class='ocrx_word' id='word_1_190' title='bbox 845 2479 889 2529; x_wconf 86' lang='lat' dir='ltr'>est</span> <span class='ocrx_word' id='word_1_191' title='bbox 902 2477 1033 2529; x_wconf 81' lang='lat' dir='ltr'>canterus</span> <span class='ocrx_word' id='word_1_192' title='bbox 1047 2478 1165 2528; x_wconf 84' lang='lat' dir='ltr'>cantara</span> <span class='ocrx_word' id='word_1_193' title='bbox 1178 2475 1298 2529; x_wconf 86' lang='lat' dir='ltr'>dicimus</span> <span class='ocrx_word' id='word_1_194' title='bbox 1313 2475 1431 2529; x_wconf 91' lang='lat' dir='ltr'>domun·</span> 
     </span>
     <span class='ocr_line' id='line_1_26' title="bbox 399 2541 1432 2610; baseline 0.001 -16"><span class='ocrx_word' id='word_1_195' title='bbox 399 2541 463 2595; x_wconf 84' lang='lat' dir='ltr'>cula</span> <span class='ocrx_word' id='word_1_196' title='bbox 473 2573 504 2584; x_wconf 89' lang='lat'>—-</span> <span class='ocrx_word' id='word_1_197' title='bbox 516 2542 703 2597; x_wconf 85' lang='lat' dir='ltr'>sanctificatio</span> <span class='ocrx_word' id='word_1_198' title='bbox 714 2546 765 2597; x_wconf 82' lang='lat' dir='ltr'>est.</span> <span class='ocrx_word' id='word_1_199' title='bbox 801 2542 867 2597; x_wconf 86' lang='lat' dir='ltr'>Ars.</span> <span class='ocrx_word' id='word_1_200' title='bbox 877 2560 925 2598; x_wconf 91' lang='lat' dir='ltr'>an.</span> <span class='ocrx_word' id='word_1_201' title='bbox 938 2543 1025 2600; x_wconf 88' lang='lat' dir='ltr'>Bern.</span> <span class='ocrx_word' id='word_1_202' title='bbox 1035 2558 1065 2610; x_wconf 88' lang='lat' dir='ltr'>p.</span> <span class='ocrx_word' id='word_1_203' title='bbox 1077 2545 1136 2605; x_wconf 85' lang='lat'>131,</span> <span class='ocrx_word' id='word_1_204' title='bbox 1151 2546 1199 2596; x_wconf 78' lang='lat'>12:</span> <span class='ocrx_word' id='word_1_205' title='bbox 1212 2582 1218 2596; x_wconf 92' lang='lat'>.</span> <span class='ocrx_word' id='word_1_206' title='bbox 1230 2581 1237 2596; x_wconf 95' lang='lat'>.</span> <span class='ocrx_word' id='word_1_207' title='bbox 1249 2558 1330 2610; x_wconf 82' lang='lat' dir='ltr'>quae,</span> <span class='ocrx_word' id='word_1_208' title='bbox 1341 2545 1375 2595; x_wconf 92' lang='lat' dir='ltr'>ut</span> <span class='ocrx_word' id='word_1_209' title='bbox 1390 2543 1432 2595; x_wconf 87' lang='lat' dir='ltr'>ait</span> 
     </span>
     <span class='ocr_line' id='line_1_27' title="bbox 399 2608 1432 2680; baseline -0.001 -18"><span class='ocrx_word' id='word_1_210' title='bbox 399 2608 549 2680; x_wconf 85' lang='lat' dir='ltr'>Virgilius,</span> <span class='ocrx_word' id='word_1_211' title='bbox 571 2609 678 2680; x_wconf 90' lang='lat' dir='ltr'>duplici</span> <span class='ocrx_word' id='word_1_212' title='bbox 691 2639 725 2649; x_wconf 93' lang='lat'>-</span> <span class='ocrx_word' id='word_1_213' title='bbox 738 2613 770 2663; x_wconf 86' lang='lat' dir='ltr'>ut</span> <span class='ocrx_word' id='word_1_214' title='bbox 787 2610 858 2664; x_wconf 87' lang='lat' dir='ltr'>haec</span> <span class='ocrx_word' id='word_1_215' title='bbox 876 2608 1011 2664; x_wconf 87' lang='lat' dir='ltr'>materies</span> <span class='ocrx_word' id='word_1_216' title='bbox 1026 2609 1157 2663; x_wconf 85' lang='lat' dir='ltr'>materiei</span> <span class='ocrx_word' id='word_1_217' title='bbox 1174 2610 1204 2663; x_wconf 88' lang='lat' dir='ltr'>et</span> <span class='ocrx_word' id='word_1_218' title='bbox 1221 2609 1292 2662; x_wconf 90' lang='lat' dir='ltr'>haec</span> <span class='ocrx_word' id='word_1_219' title='bbox 1311 2608 1432 2664; x_wconf 84' lang='lat' dir='ltr'>materia</span> 
     </span>
     <span class='ocr_line' id='line_1_28' title="bbox 398 2675 1430 2744; baseline -0.001 -14"><span class='ocrx_word' id='word_1_220' title='bbox 398 2678 549 2742; x_wconf 86' lang='lat' dir='ltr'>materiae,</span> <span class='ocrx_word' id='word_1_221' title='bbox 578 2676 650 2730; x_wconf 90' lang='lat' dir='ltr'>haec</span> <span class='ocrx_word' id='word_1_222' title='bbox 676 2678 829 2744; x_wconf 85' lang='lat' dir='ltr'>temperies</span> <span class='ocrx_word' id='word_1_223' title='bbox 855 2676 1006 2744; x_wconf 87' lang='lat' dir='ltr'>temperiei</span> <span class='ocrx_word' id='word_1_224' title='bbox 1033 2677 1064 2729; x_wconf 88' lang='lat' dir='ltr'>et</span> <span class='ocrx_word' id='word_1_225' title='bbox 1092 2676 1163 2729; x_wconf 90' lang='lat' dir='ltr'>haec</span> <span class='ocrx_word' id='word_1_226' title='bbox 1189 2675 1331 2743; x_wconf 84' lang='lat' dir='ltr'>temperie.</span> <span class='ocrx_word' id='word_1_227' title='bbox 1358 2677 1430 2729; x_wconf 88' lang='lat' dir='ltr'>tem-</span> 
     </span>
    </p>

    <p class='ocr_par' dir='ltr' id='par_1_4' title="bbox 397 2741 1429 3077">
     <span class='ocr_line' id='line_1_29' title="bbox 420 2741 1429 2811; baseline -0.003 -14"><span class='ocrx_word' id='word_1_228' title='bbox 420 2743 495 2798; x_wconf 88' lang='lat' dir='ltr'>eriae</span> <span class='ocrx_word' id='word_1_229' title='bbox 519 2749 567 2800; x_wconf 88' lang='lat' dir='ltr'>etc.</span> <span class='ocrx_word' id='word_1_230' title='bbox 592 2773 627 2782; x_wconf 90' lang='lat'>—</span> <span class='ocrx_word' id='word_1_231' title='bbox 650 2742 786 2798; x_wconf 84' lang='lat' dir='ltr'>distentia</span> <span class='ocrx_word' id='word_1_232' title='bbox 808 2744 852 2798; x_wconf 87' lang='lat' dir='ltr'>est</span> <span class='ocrx_word' id='word_1_233' title='bbox 873 2761 938 2796; x_wconf 84' lang='lat' dir='ltr'>nam</span> <span class='ocrx_word' id='word_1_234' title='bbox 962 2741 1097 2811; x_wconf 81' lang='lat' dir='ltr'>segnities</span> <span class='ocrx_word' id='word_1_235' title='bbox 1119 2758 1172 2811; x_wconf 89' lang='lat' dir='ltr'>per</span> <span class='ocrx_word' id='word_1_236' title='bbox 1193 2741 1429 2796; x_wconf 87' lang='lat' dir='ltr'>consuetudinem</span> 
     </span>
     <span class='ocr_line' id='line_1_30' title="bbox 398 2761 1429 2878; baseline -0.003 -14"><span class='ocrx_word' id='word_1_237' title='bbox 398 2761 515 2875; x_wconf 70' lang='lat' dir='ltr'>dicitur,</span> <span class='ocrx_word' id='word_1_238' title='bbox 543 2826 573 2864; x_wconf 87' lang='lat' dir='ltr'>se</span> <span class='ocrx_word' id='word_1_239' title='bbox 595 2808 668 2863; x_wconf 85' lang='lat' dir='ltr'>uitia</span> <span class='ocrx_word' id='word_1_240' title='bbox 689 2810 787 2863; x_wconf 82' lang='lat' dir='ltr'>autem</span> <span class='ocrx_word' id='word_1_241' title='bbox 815 2811 926 2864; x_wconf 85' lang='lat' dir='ltr'>tantum</span> <span class='ocrx_word' id='word_1_242' title='bbox 948 2809 1076 2878; x_wconf 82' lang='lat' dir='ltr'>frigoris,</span> <span class='ocrx_word' id='word_1_243' title='bbox 1103 2810 1173 2862; x_wconf 86' lang='lat' dir='ltr'>item</span> <span class='ocrx_word' id='word_1_244' title='bbox 1195 2808 1319 2863; x_wconf 83' lang='lat' dir='ltr'>laetitiae</span> <span class='ocrx_word' id='word_1_245' title='bbox 1343 2809 1429 2863; x_wconf 88' lang='lat' dir='ltr'>subiti</span> 
     </span>
     <span class='ocr_line' id='line_1_31' title="bbox 399 2827 1429 2953; baseline -0.002 -22"><span class='ocrx_word' id='word_1_246' title='bbox 399 2877 530 2931; x_wconf 87' lang='lat' dir='ltr'>beneficii</span> <span class='ocrx_word' id='word_1_247' title='bbox 549 2827 605 2943; x_wconf 69' lang='lat' dir='ltr'>cel,</span> <span class='ocrx_word' id='word_1_248' title='bbox 625 2875 738 2930; x_wconf 85' lang='lat' dir='ltr'>laetitia</span> <span class='ocrx_word' id='word_1_249' title='bbox 754 2892 819 2930; x_wconf 82' lang='lat' dir='ltr'>vero</span> <span class='ocrx_word' id='word_1_250' title='bbox 837 2874 994 2952; x_wconf 80' lang='lat' dir='ltr'>familiaris.</span> <span class='ocrx_word' id='word_1_251' title='bbox 1021 2876 1093 2953; x_wconf 81' lang='lat' dir='ltr'>item</span> <span class='ocrx_word' id='word_1_252' title='bbox 1110 2876 1222 2952; x_wconf 77' lang='lat' dir='ltr'>requies</span> <span class='ocrx_word' id='word_1_253' title='bbox 1241 2876 1372 2952; x_wconf 71' lang='lat' dir='ltr'>elabere</span> <span class='ocrx_word' id='word_1_254' title='bbox 1385 2891 1429 2929; x_wconf 87' lang='lat' dir='ltr'>re-</span> 
     </span>
     <span class='ocr_line' id='line_1_32' title="bbox 397 2942 1428 3021; baseline -0.002 -25"><span class='ocrx_word' id='word_1_255' title='bbox 397 2944 507 3021; x_wconf 79' lang='lat' dir='ltr'>frigerii</span> <span class='ocrx_word' id='word_1_256' title='bbox 526 2946 583 3010; x_wconf 87' lang='lat' dir='ltr'>est,</span> <span class='ocrx_word' id='word_1_257' title='bbox 601 2942 703 3009; x_wconf 88' lang='lat' dir='ltr'>requia</span> <span class='ocrx_word' id='word_1_258' title='bbox 721 2946 816 2996; x_wconf 85' lang='lat' dir='ltr'>autem</span> <span class='ocrx_word' id='word_1_259' title='bbox 830 2943 983 2995; x_wconf 79' lang='lat' dir='ltr'>otiositatis</span> <span class='ocrx_word' id='word_1_260' title='bbox 996 2945 1046 2998; x_wconf 85' lang='lat' dir='ltr'>est.</span> <span class='ocrx_word' id='word_1_261' title='bbox 1076 2946 1147 2995; x_wconf 81' lang='lat' dir='ltr'>rtem</span> <span class='ocrx_word' id='word_1_262' title='bbox 1160 2944 1428 3011; x_wconf 78' lang='lat' dir='ltr'>facies1psasuper-</span> 
     </span>
     <span class='ocr_line' id='line_1_33' title="bbox 398 3008 1274 3077; baseline -0.002 -15"><span class='ocrx_word' id='word_1_263' title='bbox 398 3010 476 3063; x_wconf 86' lang='lat' dir='ltr'>fimes</span> <span class='ocrx_word' id='word_1_264' title='bbox 495 3013 539 3064; x_wconf 88' lang='lat' dir='ltr'>est</span> <span class='ocrx_word' id='word_1_265' title='bbox 556 3009 706 3074; x_wconf 88' lang='lat' dir='ltr'>naturalis,</span> <span class='ocrx_word' id='word_1_266' title='bbox 724 3008 800 3062; x_wconf 85' lang='lat' dir='ltr'>facia</span> <span class='ocrx_word' id='word_1_267' title='bbox 818 3012 914 3063; x_wconf 86' lang='lat' dir='ltr'>autem</span> <span class='ocrx_word' id='word_1_268' title='bbox 931 3009 1087 3062; x_wconf 87' lang='lat' dir='ltr'>similitudo</span> <span class='ocrx_word' id='word_1_269' title='bbox 1105 3009 1135 3061; x_wconf 92' lang='lat' dir='ltr'>in</span> <span class='ocrx_word' id='word_1_270' title='bbox 1152 3010 1274 3077; x_wconf 87' lang='lat' dir='ltr'>pictura.</span> 
     </span>
    </p>
   </div>
   <div class='ocr_carea' id='block_1_4' title="bbox 468 3153 1430 3245">
    <p class='ocr_par' dir='ltr' id='par_1_5' title="bbox 468 3153 1430 3245">
     <span class='ocr_line' id='line_1_34' title="bbox 468 3153 1430 3245; baseline -0.004 -15"><span class='ocrx_word' id='word_1_271' title='bbox 468 3182 481 3230; x_wconf 90' lang='lat'>1</span> <span class='ocrx_word' id='word_1_272' title='bbox 501 3176 640 3231; x_wconf 79' lang='lat' dir='ltr'>vedentur</span> <span class='ocrx_word' id='word_1_273' title='bbox 658 3177 687 3230; x_wconf 99' lang='grc' dir='ltr'><strong><em>Ρ</em></strong></span> <span class='ocrx_word' id='word_1_274' title='bbox 699 3178 738 3245; x_wconf 78' lang='lat' dir='ltr'>uc</span> <span class='ocrx_word' id='word_1_275' title='bbox 756 3175 879 3231; x_wconf 54' lang='lat' dir='ltr'>senuna</span> <span class='ocrx_word' id='word_1_276' title='bbox 891 3177 925 3245; x_wconf 82' lang='lat' dir='ltr'>(n</span> <span class='ocrx_word' id='word_1_277' title='bbox 937 3177 1020 3242; x_wconf 72' lang='lat' dir='ltr'>aas.)</span> <span class='ocrx_word' id='word_1_278' title='bbox 1033 3177 1062 3229; x_wconf 87' lang='lat' dir='ltr'><strong><em>P</em></strong></span> <span class='ocrx_word' id='word_1_279' title='bbox 1073 3177 1085 3243; x_wconf 93' lang='grc' dir='ltr'>ιι</span> <span class='ocrx_word' id='word_1_280' title='bbox 1097 3181 1113 3229; x_wconf 81' lang='lat' dir='ltr'>s</span> <span class='ocrx_word' id='word_1_281' title='bbox 1126 3175 1242 3228; x_wconf 61' lang='lat' dir='ltr'>arenam</span> <span class='ocrx_word' id='word_1_282' title='bbox 1254 3176 1282 3230; x_wconf 85' lang='lat' dir='ltr'><em>P</em></span> <span class='ocrx_word' id='word_1_283' title='bbox 1295 3176 1305 3242; x_wconf 90' lang='grc' dir='ltr'>ι</span> <span class='ocrx_word' id='word_1_284' title='bbox 1317 3153 1384 3228; x_wconf 70' lang='lat'>&#39;⁸¹01</span> <span class='ocrx_word' id='word_1_285' title='bbox 1402 3173 1430 3226; x_wconf 88' lang='lat' dir='ltr'><strong><em>P</em></strong></span> 
     </span>
    </p>
   </div>
   <div class='ocr_carea' id='block_1_5' title="bbox 397 3247 1429 3480">
    <p class='ocr_par' dir='ltr' id='par_1_6' title="bbox 397 3247 1429 3480">
     <span class='ocr_line' id='line_1_35' title="bbox 399 3247 1429 3346; baseline -0.003 -16"><span class='ocrx_word' id='word_1_286' title='bbox 399 3277 412 3344; x_wconf 94' lang='grc' dir='ltr'>ιι</span> <span class='ocrx_word' id='word_1_287' title='bbox 427 3276 487 3330; x_wconf 70' lang='lat' dir='ltr'>aa·</span> <span class='ocrx_word' id='word_1_288' title='bbox 506 3275 594 3330; x_wconf 73' lang='lat' dir='ltr'>vasus</span> <span class='ocrx_word' id='word_1_289' title='bbox 616 3278 646 3332; x_wconf 89' lang='grc' dir='ltr'><strong><em>Ρ</em></strong></span> <span class='ocrx_word' id='word_1_290' title='bbox 658 3277 697 3346; x_wconf 67' lang='grc' dir='ltr'>ιιι</span> <span class='ocrx_word' id='word_1_291' title='bbox 716 3292 814 3332; x_wconf 74' lang='lat' dir='ltr'>vasum</span> <span class='ocrx_word' id='word_1_292' title='bbox 831 3275 926 3344; x_wconf 78' lang='lat' dir='ltr'>Puri</span> <span class='ocrx_word' id='word_1_293' title='bbox 946 3273 1096 3329; x_wconf 70' lang='lat' dir='ltr'>fanianu</span> <span class='ocrx_word' id='word_1_294' title='bbox 1112 3276 1140 3329; x_wconf 91' lang='grc' dir='ltr'><strong><em>Ρ</em></strong></span> <span class='ocrx_word' id='word_1_295' title='bbox 1158 3260 1240 3343; x_wconf 61' lang='lat' dir='ltr'>ruri</span> <span class='ocrx_word' id='word_1_296' title='bbox 1256 3280 1287 3328; x_wconf 80' lang='lat'>12</span> <span class='ocrx_word' id='word_1_297' title='bbox 1306 3247 1429 3329; x_wconf 69' lang='lat' dir='ltr'>alumen</span> 
     </span>
     <span class='ocr_line' id='line_1_36' title="bbox 398 3340 1428 3413; baseline -0.004 -15"><span class='ocrx_word' id='word_1_298' title='bbox 398 3345 426 3398; x_wconf 88' lang='lat' dir='ltr'><strong><em>P</em></strong></span> <span class='ocrx_word' id='word_1_299' title='bbox 446 3346 456 3412; x_wconf 73' lang='grc' dir='ltr'>ι</span> <span class='ocrx_word' id='word_1_300' title='bbox 480 3349 510 3398; x_wconf 86' lang='grc'>13</span> <span class='ocrx_word' id='word_1_301' title='bbox 539 3344 728 3413; x_wconf 67' lang='grc' dir='ltr'>εθοίωοιιιιι,</span> <span class='ocrx_word' id='word_1_302' title='bbox 746 3345 774 3397; x_wconf 91' lang='grc' dir='ltr'><strong><em>Ρ</em></strong></span> <span class='ocrx_word' id='word_1_303' title='bbox 829 3347 860 3396; x_wconf 86' lang='grc'>16</span> <span class='ocrx_word' id='word_1_304' title='bbox 883 3343 1016 3396; x_wconf 87' lang='lat' dir='ltr'>terrebile</span> <span class='ocrx_word' id='word_1_305' title='bbox 1043 3342 1221 3396; x_wconf 86' lang='lat' dir='ltr'>terrebiium</span> <span class='ocrx_word' id='word_1_306' title='bbox 1249 3343 1277 3396; x_wconf 89' lang='lat' dir='ltr'><strong><em>P</em></strong></span> <span class='ocrx_word' id='word_1_307' title='bbox 1298 3343 1308 3410; x_wconf 90' lang='lat' dir='ltr'>l</span> <span class='ocrx_word' id='word_1_308' title='bbox 1329 3340 1428 3394; x_wconf 85' lang='lat' dir='ltr'>funda-</span> 
     </span>
     <span class='ocr_line' id='line_1_37' title="bbox 397 3345 1429 3480; baseline -0.003 -16"><span class='ocrx_word' id='word_1_309' title='bbox 397 3411 526 3465; x_wconf 88' lang='lat' dir='ltr'>mentum</span> <span class='ocrx_word' id='word_1_310' title='bbox 589 3428 637 3465; x_wconf 85' lang='lat' dir='ltr'>ves</span> <span class='ocrx_word' id='word_1_311' title='bbox 655 3411 730 3464; x_wconf 87' lang='lat' dir='ltr'>vasis</span> <span class='ocrx_word' id='word_1_312' title='bbox 748 3411 772 3464; x_wconf 80' lang='lat' dir='ltr'>dr</span> <span class='ocrx_word' id='word_1_313' title='bbox 788 3345 847 3480; x_wconf 68' lang='lat' dir='ltr'>illl!</span> <span class='ocrx_word' id='word_1_314' title='bbox 863 3426 912 3465; x_wconf 85' lang='lat' dir='ltr'>ves</span> <span class='ocrx_word' id='word_1_315' title='bbox 930 3408 1010 3463; x_wconf 86' lang='lat' dir='ltr'>vadis</span> <span class='ocrx_word' id='word_1_316' title='bbox 1029 3411 1093 3463; x_wconf 91' lang='lat' dir='ltr'>sunt</span> <span class='ocrx_word' id='word_1_317' title='bbox 1109 3408 1144 3463; x_wconf 89' lang='lat' dir='ltr'><em>N</em></span> <span class='ocrx_word' id='word_1_318' title='bbox 1157 3415 1247 3464; x_wconf 85' lang='lat' dir='ltr'>cetera</span> <span class='ocrx_word' id='word_1_319' title='bbox 1260 3425 1311 3464; x_wconf 87' lang='lat' dir='ltr'>om.</span> <span class='ocrx_word' id='word_1_320' title='bbox 1324 3409 1334 3477; x_wconf 82' lang='grc' dir='ltr'>ΙΙ</span> <span class='ocrx_word' id='word_1_321' title='bbox 1348 3414 1381 3462; x_wconf 79' lang='grc'>17</span> <span class='ocrx_word' id='word_1_322' title='bbox 1399 3409 1429 3461; x_wconf 88' lang='lat' dir='ltr'>et</span> 
     </span>
    </p>
   </div>
   <div class='ocr_carea' id='block_1_6' title="bbox 396 3489 1429 3645">
    <p class='ocr_par' dir='ltr' id='par_1_7' title="bbox 396 3489 1429 3645">
     <span class='ocr_line' id='line_1_38' title="bbox 396 3489 1429 3580; baseline -0.002 -16"><span class='ocrx_word' id='word_1_323' title='bbox 396 3511 534 3566; x_wconf 85' lang='lat' dir='ltr'>feminina</span> <span class='ocrx_word' id='word_1_324' title='bbox 561 3528 635 3580; x_wconf 88' lang='lat' dir='ltr'>quae</span> <span class='ocrx_word' id='word_1_325' title='bbox 662 3512 697 3565; x_wconf 89' lang='lat' dir='ltr'><em>N</em></span> <span class='ocrx_word' id='word_1_326' title='bbox 739 3518 769 3568; x_wconf 91' lang='grc'>18</span> <span class='ocrx_word' id='word_1_327' title='bbox 792 3510 946 3579; x_wconf 85' lang='lat' dir='ltr'>temperius</span> <span class='ocrx_word' id='word_1_328' title='bbox 972 3512 1000 3564; x_wconf 95' lang='lat' dir='ltr'><em>P</em></span> <span class='ocrx_word' id='word_1_329' title='bbox 1017 3512 1026 3578; x_wconf 82' lang='grc' dir='ltr'>ΙΙ</span> <span class='ocrx_word' id='word_1_330' title='bbox 1044 3489 1429 3578; x_wconf 71' lang='lat' dir='ltr'>temperientiaPutempe·</span> 
     </span>
     <span class='ocr_line' id='line_1_39' title="bbox 396 3577 1317 3645; baseline -0.002 -15"><span class='ocrx_word' id='word_1_331' title='bbox 396 3579 599 3633; x_wconf 85' lang='lat' dir='ltr'>ries-morum</span> <span class='ocrx_word' id='word_1_332' title='bbox 618 3594 668 3632; x_wconf 91' lang='lat' dir='ltr'>om.</span> <span class='ocrx_word' id='word_1_333' title='bbox 730 3581 740 3645; x_wconf 81' lang='grc' dir='ltr'>Ιι</span> <span class='ocrx_word' id='word_1_334' title='bbox 754 3585 786 3633; x_wconf 83' lang='grc'>19</span> <span class='ocrx_word' id='word_1_335' title='bbox 805 3578 940 3632; x_wconf 85' lang='lat' dir='ltr'>calvitiees</span> <span class='ocrx_word' id='word_1_336' title='bbox 958 3577 1155 3645; x_wconf 71' lang='lat' dir='ltr'>Ptcavitium</span> <span class='ocrx_word' id='word_1_337' title='bbox 1175 3577 1220 3645; x_wconf 70' lang='lat' dir='ltr'>R:</span> <span class='ocrx_word' id='word_1_338' title='bbox 1314 3623 1317 3628; x_wconf 89' lang='lat'>.</span> 
     </span>
    </p>
   </div>
   <div class='ocr_carea' id='block_1_7' title="bbox 0 0 1610 4162">
    <p class='ocr_par' dir='ltr' id='par_1_8' title="bbox 0 0 1610 4162">
     <span class='ocr_line' id='line_1_40' title="bbox 0 0 1610 4162; baseline 0 3"><span class='ocrx_word' id='word_1_339' title='bbox 0 0 1610 4162; x_wconf 95' lang='lat' dir='ltr'> </span> 
     </span>
    </p>
   </div>
  </div>
 </body>
</html>
