3210 4162
562 313 612 372 VI.
637 312 687 368 DE
705 313 995 375 CONIUNCTIONE.
1233 315 1295 380 169

265 466 359 532 inniti
391 471 504 531 etenim
536 485 602 530 non
634 467 842 550 intelleqcntes
872 469 941 532 nim
974 468 1096 533 latinae
1127 469 1293 548 orationis,

267 551 354 615 docti
375 550 603 632 similitudine,
627 556 738 633 partes
753 570 815 631 pro
832 551 985 633 partibas
1000 555 1143 633 ponnnt;
1165 552 1247 617 sicia
1267 557 1296 616 et

266 634 363 714 illuct,
392 634 477 714 qnod
501 653 572 716 sepe
600 633 696 716 tmere
721 635 856 699 solemus
884 635 1196 716 ‘inpraesentiarum’
1223 655 1296 700 con-

263 717 409 799 fanotant
429 719 656 794 nescientesque
677 717 757 799 qnid
776 719 835 797 sit,
864 718 994 783 domant
1014 718 1173 800 syllabam
1193 724 1294 783 eatre-

267 821 355 865 cnam
370 805 467 866 ‘mm'
483 805 654 882 atponont
668 803 935 883 inpraesentia,
949 802 1101 880 facientes
1115 801 1295 867 ablotinnni
1320 819 1333 858 ⁵

266 903 376 949 casnm
398 904 470 949 cnm
485 885 738 966 praepositione,
764 885 849 966 qaod
869 886 999 949 omnino
1022 886 1210 949 conneniens
1230 904 1296 949 non

266 972 319 1032 est.
358 988 438 1032 nam
460 969 774 1048 ‘inpraesentiarum'
796 987 899 1032 annm
922 968 1112 1033 adnecbinm
1125 968 1207 1048 facit
1220 972 1296 1033 ten

260 1051 459 1199 eonon
471 1051 989 1216 sisinninm
996 1051 1295 1217 ‘stottona

266 1237 344 1280 nom
365 1219 443 1283 baec
464 1184 578 1297 berta,
603 1237 685 1298 qnae
704 1219 877 1282 secandam
897 1156 1051 1298 ansatas
1073 1218 1238 1300 defidant,
1261 1223 1297 1282 nt
1310 1235 1334 1274 ιο

267 1301 375 1379 ‘decet
401 1305 532 1382 oportet,
555 1300 645 1365 tedet'
667 1305 696 1366 et
717 1305 831 1378 cetera,
854 1301 1036 1382 participia
1056 1301 1150 1366 natta
1171 1301 1295 1366 babent.

266 1389 407 1466 saquecest
420 1405 493 1464 erqo
508 1389 545 1448 nt
559 1385 691 1449 ‘decens'
706 1385 869 1466 intelleqos
882 1405 998 1449 nonaen
1012 1403 1076 1448 esse
1091 1385 1295 1464 adiectinncn,

261 1468 431 1548 participii
460 1467 586 1547 qnidam
613 1467 730 1548 amite,
757 1468 839 1532 sient
864 1472 893 1532 et
920 1467 1110 1532 ‘condecens'
1141 1487 1173 1532 es
1199 1468 1296 1532 ‘inde-

268 1558 350 1615 cens'
373 1556 403 1614 et
424 1552 625 1632 ‘peronensi
658 1548 739 1614 haao
754 1553 920 1617 Aeneas.
950 1571 1064 1613 uerum
1080 1551 1233 1632 quoniam
1258 1550 1296 1613 de

267 1633 441 1717 participio
471 1637 504 1696 et
531 1634 567 1696 in
593 1634 655 1696 hoe
684 1639 717 1696 et
737 1634 773 1697 in
796 1654 894 1717 supra
916 1637 1097 1698 memorato
1120 1654 1196 1717 sepe
1219 1648 1335 1717 opu-1⁶

269 1718 357 1781 soulo
385 1716 585 1781 sufficienter
612 1716 816 1781 edisseruisse
839 1739 891 1781 me
914 1717 1070 1797 arbitror,
1102 1722 1297 1799 oportunum

268 1801 344 1865 huio
368 1801 524 1883 epistolae
546 1801 644 1863 finem
667 1801 760 1864 dabo.

525 1997 582 2062 VI.
614 1997 673 2062 DE
696 1996 1042 2065 CONIUNCTIONE.

354 2129 494 2195 Uidetur
520 2130 618 2212 mihi,
646 2129 694 2193 fili
719 2130 900 2213 carissime,
929 2130 1009 2194 haeo
1032 2151 1107 2214 pars
1130 2128 1297 2206 orationis,

229 2221 231 2226 '
268 2235 351 2296 quae
375 2214 561 2278 coniunctio
584 2218 735 2292 uocatur,
758 2214 966 2278 similisesse
989 2212 1215 2278 incastraturis
1229 2213 1299 2296 qui·

270 2297 405 2361 busdam
427 2298 481 2361 uel
503 2298 648 2374 nexuris,
672 2299 788 2380 quibus
810 2297 986 2362 uincienda
1001 2318 1220 2380 quaecumque
1236 2295 1298 2359 ool·
1312 2323 1337 2361 so

268 2381 416 2463 ligantur
433 2381 617 2461 molimina,
630 2380 832 2464 maximeque
847 2380 1078 2444 tabulatorum.
1105 2380 1163 2443 tali
1179 2379 1298 2443 etenim

268 2463 366 2527 modo
387 2465 468 2527 hasa
490 2464 651 2546 particula
673 2465 844 2548 coniungit
866 2469 899 2527 et
919 2463 1128 2560 conglutinat
1143 2462 1299 2526 dictiones

269 2569 307 2611 ae
330 2548 518 2612 sententias.
554 2547 644 2611 ouius
666 2551 860 2630 potestatem
883 2548 919 2611 in
942 2568 1084 2631 quinque
1107 2545 1232 2630 speeies
1254 2545 1299 2608 di-

268 2633 372 2695 uisam
400 2635 525 2695 ueteres
553 2636 785 2721 annumerant,
813 2651 948 2713 quarum
970 2630 1076 2712 prima
1099 2634 1149 2692 est
1172 2628 1299 2712 copula·

268 2716 339 2778 tius
345 2763 355 2796 ,
380 2734 461 2797 quae
483 2714 613 2796 propris
636 2713 722 2777 diota
745 2714 925 2796 coniungit.
962 2714 998 2776 in
1015 2712 1209 2796 copulatiuia
1225 2732 1300 2775 con·
1313 2727 1338 2768 ²⁵

269 2798 508 2878 iunctionibus,
543 2818 625 2880 quae
653 2818 786 2862 numero
815 2800 885 2861 sex'
900 2801 976 2860 sunt
1009 2802 1039 2861 et
1069 2816 1108 2860 ac
1135 2800 1170 2862 at
1197 2795 1301 2877 adqne
1394 2820 1397 2824 ⁴

270 2886 331 2964 ast,
352 2903 384 2948 ce
397 2901 515 2966 graeca
528 2880 717 2945 assumitur:
740 2884 882 2944 extreme
897 2881 985 2944 enim
1001 2878 1088 2963 apud
1104 2878 1225 2944 Grecos
1241 2899 1299 2961 pro

271 2971 300 3029 et
327 2987 456 3048 semper
482 2965 624 3047 ponitur.
663 2964 797 3029 ethaeo
820 2964 1007 3044 copulatius
1028 2962 1228 3026 subiunctiui
1251 2982 1300 3025 or·

271 3047 356 3112 dinis
385 3049 455 3112 fieri
485 3049 567 3111 solet
595 3047 679 3129 apud
709 3068 770 3112 nos
800 3046 985 3111 dumtaxat:
1014 3050 1156 3110 aeterum
1186 3046 1222 3109 in
1243 3065 1301 3108 sua

339 3249 357 3297 4
375 3247 537 3303 extreman
554 3246 599 3311 N,
620 3247 776 3323 extremam
793 3244 859 3300 Mai
870 3246 886 3322 ,ΙΙ
904 3251 920 3299 8
938 3244 1024 3299 simili
1041 3245 1076 3298 N
1081 3246 1101 3366 g
1277 3243 1302 3363 Al

273 3317 305 3366 15
317 3327 400 3380 spera
411 3311 445 3365 N
455 3314 465 3380 ll
480 3319 512 3368 16
530 3313 759 3384 edissemmsimo
772 3316 810 3379 (a,
823 3328 857 3366 en
868 3322 891 3375 r)
903 3311 938 3366 N
946 3312 957 3380 ΙΙ
969 3309 1079 3365 EXPLI
1104 3309 1141 3364 I‘I'
1160 3309 1276 3375 QUIN'I'

272 3394 321 3449 DE
332 3384 559 3474 'Pannonno
586 3394 725 3474 INCIPIT
745 3393 864 3472 SEXTA·
882 3393 931 3447 DE
951 3392 1233 3472 CONIUNCTIONE
1245 3392 1280 3447 N
1283 3393 1301 3527 14

273 3469 305 3518 18
324 3479 468 3536 carissime
481 3466 491 3533 ΙΙ
504 3469 536 3518 21
555 3462 704 3518 mulrmma
720 3462 753 3517 N
762 3464 773 3532 fl
785 3476 966 3534 maximeque
983 3460 1017 3515 N
1025 3462 1035 3529 ΙΙ
1049 3462 1156 3515 etenim
1175 3465 1215 3528 (s,
1232 3477 1265 3517 ea
1281 3477 1291 3513 1

272 3565 326 3633 nu
338 3571 371 3620 n>
383 3532 437 3638 op¹
450 3564 563 3620 aeneia
579 3565 618 3621 u.

1118 3243 1276 3298 ovansN
1399 3269 1402 3274 ·
