3210 4162
248 268 308 333 126
479 263 634 322 viamen
651 262 819 319 nnnorus
837 223 1044 318 priamum.

244 419 423 485 refferenda
451 422 510 485 est.
550 421 601 483 est
628 417 725 482 etiam
748 435 927 499 pronomen
949 413 1124 480 secundum
1146 416 1271 478 ulrum·

245 525 308 589 qua
329 525 500 570 numerum
522 525 582 586 per
604 504 759 586 quattuor
788 521 896 565 cassus
919 498 1161 582 declinandum,
1191 498 1271 563 duos

244 588 370 653 scilicet
390 587 614 653 nominatiuos
636 607 744 650 cassus
772 587 805 649 et
827 585 1025 668 singularem
1048 587 1081 647 et
1102 582 1269 665 pluralem,

245 670 325 736 duos
341 693 443 755 aeque
458 670 661 735 aecusatiuos
675 673 713 732 ut
723 673 851 733 nostras
861 672 1026 749 nostrates,
1041 669 1131 732 onias
1141 669 1271 732 saintes.

218 755 300 818 ssed
325 759 361 820 ut
382 756 461 819 haec
484 754 596 817 eadem
619 752 745 816 ueracia
767 771 837 815 esse
865 749 1018 833 exemplis
1044 750 1271 832 adprobemus,

244 836 428 903 Donatus
450 839 485 901 in
508 836 647 920 quodam
671 835 814 899 carmine
836 837 882 898 ita
904 834 1075 917 conposuit
1096 833 1222 898 dicens:

535 950 663 1010 nostros
684 945 787 1008 omnis
806 944 953 1023 fartilia,

534 1031 690 1093 nostrates
712 1046 834 1108 propere
849 1046 967 1107 pecora

537 1112 678 1177 madunt
699 1113 892 1175 inminentia

207 1223 232 1264 ro
535 1195 697 1260 bostilinrn
716 1195 871 1275 pericula.

245 1303 455 1367 Gabritius
490 1323 617 1385 quoque
646 1306 802 1366 nostrates
833 1300 946 1383 inquid
979 1301 1115 1366 salutate
1138 1302 1269 1382 fratres,

243 1388 322 1468 qaia
349 1392 379 1451 et
405 1391 562 1452 nostrates
589 1406 647 1450 nos
673 1386 814 1466 undique
840 1384 992 1450 salutant.
1036 1383 1272 1448 Torrentius

245 1491 372 1554 quoque
400 1473 435 1533 in
466 1473 583 1553 quarto
607 1469 855 1550 dispositionum
878 1466 1163 1551 grammaticarum
1186 1467 1271 1532 libro

244 1553 310 1617 tale
345 1552 548 1636 prohemium
583 1553 699 1616 edidit:
733 1554 823 1616 enias
854 1571 931 1634 pens
963 1557 992 1616 et
1019 1552 1136 1616 calates
1158 1552 1274 1634 papali

205 1637 355 1702 alitteris
383 1642 449 1702 tom
471 1641 619 1719 prompte
645 1636 742 1700 dediti
769 1639 845 1699 snnt
870 1655 967 1716 paam
996 1634 1108 1712 Tasci,
1137 1654 1272 1716 pueram

243 1724 367 1786 notare
386 1721 490 1801 fertur
512 1720 554 1786 ab
576 1721 738 1801 infantiae
760 1720 858 1783 annis
879 1720 1056 1799 sapientiae
1075 1718 1199 1783 stactae
1212 1718 1272 1783 soli

244 1810 274 1870 et
293 1803 378 1869 nibil
399 1805 493 1870 alind
513 1824 625 1869 ornare
647 1823 745 1884 qaam
767 1821 887 1884 semper
904 1800 1152 1885 philosophare?

330 1885 415 1952 Sunt
444 1889 638 1970 pronomina
672 1907 754 1969 quae
787 1892 940 1968 prompta
972 1891 1005 1950 et
1037 1887 1170 1968 cognita
1203 1906 1273 1949 esse

244 1969 413 2050 uidentur,
447 1970 504 2034 sed
535 1971 571 2034 in
604 1969 677 2034 eliis
711 1969 852 2033 cassibus
886 1969 1020 2033 deficere
1048 1972 1207 2050 putantur
1235 1970 1273 2031 ut

205 2074 231 2112 ac
244 2054 343 2133 solas,
374 2057 470 2132 totus,
500 2054 581 2118 alta
602 2054 743 2119 alterins
782 2051 837 2114 sed
866 2053 893 2115 si
923 2054 994 2135 quis
1022 2073 1091 2115 sese
1119 2051 1272 2115 omnibus

244 2137 416 2200 latinitatis
439 2136 633 2200 lectionibus
656 2135 820 2217 intendat,
846 2136 1014 2200 manifeste
1036 2134 1183 2199 inueniet
1205 2155 1273 2198 om·

243 2239 301 2282 nes
330 2239 440 2283 cassus
468 2220 584 2283 horum
613 2219 842 2302 pronominum
866 2219 927 2281 rite
950 2218 1106 2283 declinari
1128 2222 1166 2282 ut
1185 2218 1274 2283 solas

242 2302 341 2367 salins
362 2303 421 2367 soli
443 2304 544 2367 solam
567 2303 689 2382 escle,
713 2306 747 2366 et
767 2299 937 2384 pluraliter
957 2304 1016 2367 soli
1036 2302 1175 2367 solornra
1197 2301 1273 2365 solis

242 2386 323 2450 solos
353 2407 374 2450 a
402 2385 486 2451 solis.
523 2406 717 2468 quamquam
750 2385 902 2449 nonnulli
930 2387 1117 2470 genetiuum
1146 2405 1272 2448 cassum

203 2489 229 2528 as
242 2469 376 2550 pluralis
403 2470 531 2532 numeri
562 2469 597 2531 in
626 2469 875 2550 pronominibus
903 2491 971 2533 non
1003 2469 1163 2551 recipiant
1190 2468 1269 2532 solo·

243 2572 316 2617 rain
349 2557 485 2617 totornrn
519 2552 709 2631 alterornrn,
743 2554 964 2615 uerumtamen
995 2554 1101 2636 legere
1132 2571 1182 2614 me
1211 2570 1271 2614 nec

244 2655 317 2699 raro
338 2656 399 2698 nec
421 2635 455 2697 in
478 2636 611 2699 incertis
634 2635 818 2699 auctoribus
842 2636 972 2698 memini
1001 2637 1058 2700 hos
1080 2655 1172 2698 casus
1193 2633 1271 2697 trite

309 2739 449 2747 ——-—

314 2790 336 2837 1.
355 2783 412 2837 An
428 2799 475 2840 aa.
495 2783 582 2840 aaa.
596 2798 627 2850 p.
644 2785 708 2846 ne,
728 2786 777 2837 13:
801 2785 874 2837 nem
892 2783 1029 2852 virginus
1052 2784 1086 2837 ae
1108 2783 1151 2835 ns
1167 2772 1270 2851 pronoss

243 2849 366 2903 minibus
389 2848 473 2903 dixit:
497 2852 564 2904 sunt
580 2850 750 2919 pronomina
767 2849 921 2904 secundum
940 2851 1092 2917 utrumque
1109 2866 1269 2915 numerum,

243 2931 316 2994 quae
329 2932 381 2984 per
393 2918 528 3035 ‹puattuor
541 2932 622 2971 casus
635 2916 828 2994 destinantur,
847 2919 880 2969 ut
897 2917 973 2994 cuias
987 2918 1087 2971 cuiatis
1101 2917 1130 2970 et
1141 2915 1269 2993 nomina·

242 2983 303 3036 trvo
322 2982 428 3051 plurar
446 2985 553 3038 curatas
572 2987 602 3037 et
617 2985 723 3037 curata
740 2983 770 3037 et
786 2984 947 3038 accusativo
964 2983 1069 3053 plurali
1091 2983 1211 3042 cuiatem
1231 2999 1271 3036 src

244 3049 332 3103 etiam
343 3050 454 3103 nostras
465 3050 599 3105 nostratis
613 3051 642 3104 et
654 3051 795 3105 nostrates
813 3051 961 3104 nostrates.
1015 3057 1037 3104 7.
1050 3051 1093 3107 la.
1102 3065 1134 3117 p.
1147 3053 1207 3110 136,
1221 3054 1272 3104 18.·

242 3117 354 3168 nostras
372 3154 378 3169 .
396 3159 404 3174 .
422 3155 428 3170 .
448 3117 573 3171 evadent
590 3115 714 3169 ostilium
736 3157 742 3170 .
763 3154 770 3169 .
789 3154 796 3169 .
814 3116 947 3170 Geminus
965 3133 1079 3185 quoque
1097 3116 1270 3195 gramaticus

242 3181 313 3234 inuit
330 3183 472 3237 nostrates
490 3181 614 3236 salutate
634 3227 640 3239 .
661 3227 667 3240 .
686 3198 736 3237 vos
755 3184 881 3238 salutant
900 3183 1025 3237 tertius.
1045 3225 1051 3238 .
1071 3199 1116 3237 our
1135 3199 1223 3253 agens
1242 3224 1269 3238 ..

243 3264 301 3315 qua
322 3251 456 3318 prumpte
476 3290 481 3302 .
502 3294 508 3307 .
528 3249 565 3303 ab
583 3249 705 3303 infantia
721 3266 812 3317 usque
837 3251 873 3302 ad
897 3251 1030 3305 canitiem
1053 3250 1192 3318 sapientie
1216 3249 1270 3305 soli

243 3315 357 3369 studere
377 3361 383 3371 .
402 3354 409 3368 .
426 3315 624 3386 philosophele
643 3317 723 3385 (corr.
741 3317 801 3382 ali).

311 3455 327 3502 8
344 3450 537 3503 nominativus
555 3448 590 3502 N
602 3450 641 3518 14
660 3448 739 3502 cuius
757 3449 792 3504 N
800 3453 838 3519 115
857 3451 967 3505 veratia
986 3450 1021 3505 N
1028 3453 1066 3520 19
1086 3449 1190 3506 eadent
1209 3449 1244 3504 N
1254 3450 1266 3518 11

243 3520 275 3568 12
294 3515 363 3582 quid
380 3515 414 3569 Ν
422 3518 432 3585 1
444 3531 496 3570 nos
513 3515 611 3585 111122
630 3516 683 3570 site
701 3515 740 3570 N.
