3210 4162
248 277 290 342 96
666 271 859 327 rrrruorx.

248 426 338 492 blath
362 425 417 488 lux
440 425 533 508 solis,
563 446 649 490 mero
670 424 796 508 pluuia,
823 423 939 507 pallias
962 425 996 487 et
1016 444 1093 487 mox
1114 421 1179 507 gab
1200 442 1276 505 pax,

248 512 304 595 pin
328 530 412 591 aqua
434 511 467 572 et
488 508 591 593 ignis,
616 512 689 591 spat
710 507 904 591 longeuitas.
944 528 982 570 ex
1003 506 1056 570 his
1078 507 1173 570 rebus
1187 508 1277 570 totus

249 591 389 657 mundus
417 593 618 676 gubernatur
645 594 678 655 et
704 596 919 674 prosperatur.
956 590 1120 654 lumbrosa
1141 589 1205 653 hoo
1228 592 1278 653 est

249 676 424 761 perlonga,
447 696 520 738 oum
538 695 597 758 pro
613 695 678 738 uno
693 674 814 739 usitato
834 677 922 738 totus
943 693 1055 737 uersus
1076 671 1227 737 soribitur
1241 676 1278 736 ut

224 761 475 904 agabigaurum.
513 758 661 903 besinqal
683 757 795 822 fitelon
817 758 880 821 hoo
902 761 953 821 est
972 757 1073 841 legat.
1090 754 1201 852 'biroo
1216 755 1277 819 hoo

251 847 300 908 est
321 843 402 906 utie
424 845 594 925 parentem
629 841 761 938 inquere
783 862 851 905 non
874 845 931 908 est.
974 839 1120 904 belsabra
1142 840 1205 902 hoo
1229 842 1279 903 est

251 946 413 1010 peruersa,
430 946 503 989 oum
519 945 612 988 casus
622 945 791 989 nominum
802 923 979 1007 modusque
990 923 1164 988 uerborum
1174 924 1280 986 traus-

251 1012 358 1074 mutat
385 1013 424 1073 ut
451 1007 577 1092 legibus
605 1008 668 1073 hoo
695 1011 745 1072 est
765 1009 818 1072 lex
840 1012 874 1073 et
894 1028 975 1091 rogo
997 1008 1060 1072 hoo
1082 1009 1133 1070 est
1154 1009 1279 1103 rogato.

252 1093 383 1156 bresina
405 1092 466 1156 hoo
482 1095 531 1154 est
546 1091 705 1174 spaciosa,
723 1113 797 1156 oum
811 1113 912 1154 unum
926 1090 1030 1155 multa
1044 1091 1165 1154 usitata
1179 1090 1281 1173 mgni·

216 1197 241 1237 io
254 1177 355 1240 fiuant
386 1179 422 1239 ut
450 1196 506 1237 sur
542 1174 595 1238 uel
623 1195 751 1257 campos
779 1174 832 1239 uel
860 1174 961 1256 spado
989 1174 1044 1238 uel
1071 1172 1199 1257 gladius
1227 1173 1282 1236 uel

253 1258 369 1322 amnis.
408 1257 559 1321 militana
576 1257 607 1319 ·i·
625 1258 824 1334 multimoda,
850 1278 922 1321 oum
944 1276 1004 1340 pro
1026 1278 1091 1320 uno
1114 1276 1196 1322 sono
1217 1256 1281 1320 usi-

253 1346 323 1406 tato
352 1341 447 1405 multi
476 1343 644 1424 ponuntur
671 1344 708 1404 ut
729 1362 788 1486 fro
812 1361 906 1404 cursu
928 1340 1039 1424 gabon
1061 1340 1167 1404 sualin
1188 1338 1283 1404 rabat

255 1425 354 1489 solon.
377 1424 469 1508 speia
483 1427 544 1488 hoo
559 1427 609 1487 ost
624 1423 726 1489 humil
741 1424 816 1505 ima,
833 1444 913 1508 quae
929 1445 1056 1570 semffler
1070 1444 1121 1487 res
1136 1427 1282 1487 terrenas

254 1509 399 1590 loquitur
420 1512 458 1571 ut
480 1508 581 1572 sabon
603 1507 666 1604 hoo
688 1510 737 1599 ost
759 1508 866 1591 lopus,
888 1506 984 1592 gubal
1030 1527 1069 1571 oo
1094 1510 1144 1571 est
1158 1507 1282 1590 uulpes,

218 1612 442 1740 ”iiiiii
461 1590 689 1739 {iiiiii}
704 1589 1285 1739 ttttttffttttatitt}

256 1779 316 1842 pro
345 1697 629 1840 spiritu‚}i1epote
656 1778 715 1841 pro
744 1696 929 1822 uirtritibusp
946 1722 1114 1840 supernis}
1140 1697 1284 1822 siinamia

258 1862 318 1924 pro
341 1841 467 1904 unitate
490 1839 541 1904 dei
564 1841 632 1904 alti.

333 2055 377 2120 ΙΙ.
410 2054 724 2122 FRAGMENTUM
746 2054 1210 2122 MONTEPESSULANUM.

369 2227 603 2270 romanumfl
619 2229 790 2272 SBRHONUM
804 2230 846 2270 lix
860 2229 1010 2271 nrlrorsss
1026 2229 1176 2271 unrornn.

346 2337 447 2401 Aliud
470 2341 520 2402 est
542 2338 605 2403 dici
627 2359 695 2403 non
717 2339 824 2420 debet,
848 2338 911 2403 dici
933 2361 1003 2404 uon
1018 2341 1158 2424 oportet.
1193 2360 1288 2422 opor·

222 2441 247 2481 ro
260 2425 329 2485 tere
352 2421 441 2485 onim
463 2420 503 2484 de
525 2422 744 2505 oportunitate
771 2422 942 2508 diriuatur3
972 2421 1089 2486 debore
1118 2424 1227 2486 autem
1249 2443 1289 2486 ex

260 2503 428 2568 insolubili
457 2504 578 2569 debito.
621 2505 706 2569 unde
734 2509 767 2570 ot
793 2506 821 2570 si
850 2506 930 2571 diois
959 2527 1026 2570 non
1050 2509 1193 2590 oportet,
1222 2526 1289 2569 non

241 2592 329 2651 ,tam
350 2587 420 2650 fiori
444 2588 579 2652 omnino
601 2588 887 2672 interdicis·.quam
911 2593 1108 2673 oportunum
1130 2610 1198 2653 non
1221 2610 1290 2654 esso

262 2669 415 2738 ostendis.
461 2691 533 2735 oum
563 2675 673 2768 autem
703 2671 786 2770 diois⁸
810 2693 882 2770 'non
909 2671 1022 2752 debet,
1053 2670 1240 2769 indebitum·
1261 2673 1290 2768 oi

224 2754 1291 2922 unrtqtttfflttttttt‘’ertit{tuit}

263 2924 372 2984 autem
402 2920 591 3016 sirnplioitor
618 2924 895 3006 communiterque
917 2861 957 2987 ai
980 2943 1076 2987 omne
1098 2923 1220 2987 dictum
1242 2944 1290 2987 re·

261 3003 375 3067 fertur.
416 3002 528 3069 dicunt
555 3025 682 3090 quoquo
709 3005 797 3070 aliud
820 3027 890 3072 esse
911 3007 986 3071 uolo
1009 3010 1043 3072 ot
1064 3006 1169 3089 cupio.
1206 3006 1290 3071 uelle

263 3087 350 3151 enim
373 3087 513 3170 quadam
535 3088 626 3153 suani
649 3110 687 3154 ao
709 3090 856 3175 legitima
878 3090 1047 3156 uoluntate
1070 3090 1290 3176 intellegitur3

264 3189 381 3252 cupere
404 3177 513 3235 nutem
535 3173 746 3238 immoderato
769 3174 954 3257 cupiditatis
973 3177 1032 3239 est.
1070 3177 1155 3238 inter
1170 3175 1291 3239 bellum

153 3288 157 3294 -
225 3271 252 3311 oo
265 3274 393 3335 quoquo
415 3259 449 3318 et
469 3255 626 3336 praelium
642 3260 675 3321 et
690 3260 852 3322 certamen
867 3263 899 3322 et
914 3280 1059 3341 pugnam
1074 3278 1141 3322 non
1157 3279 1291 3341 paruam

335 3457 349 3506 1
393 3456 398 3467 ·
420 3452 439 3506 b
456 3454 467 3534 ιι
485 3459 501 3508 4
518 3455 622 3532 punga
634 3457 650 3534 ιι
667 3458 716 3533 ot
732 3472 754 3512 a.
772 3457 791 3514 z.
808 3457 813 3526 ι
838 3463 869 3510 11
887 3473 955 3512 seno
972 3458 983 3526 ι
1002 3463 1033 3514 13
1051 3425 1101 3528 st„
1117 3458 1128 3526 ι
1146 3463 1177 3513 15
1195 3425 1215 3526 ἐι
1231 3459 1243 3526 ιι
1260 3462 1292 3513 ro

265 3518 363 3572 debto⁷
381 3521 386 3588 ι
403 3526 437 3574 25
454 3536 656 3577 immorosioris
675 3530 707 3592 ιι,
724 3538 759 3577 eor
776 3525 803 3591 o)
821 3525 872 3592 129
889 3539 1000 3594 rapere.
