3210 4162
755 304 780 358 1.
806 302 855 356 Du
873 300 1028 358 NOMINE.
1347 303 1409 368 113

374 474 519 537 uespera.
560 454 739 518 cauendum
762 458 960 536 esttamen,
986 474 1028 518 ue
1051 458 1108 517 aut
1128 473 1239 536 uesper
1262 458 1319 517 aut
1339 473 1409 518 ues-

370 557 487 620 perum
509 539 567 601 aut
588 559 723 621 uespera
745 538 900 622 pluralem
921 558 1091 603 numerum
1108 537 1226 602 habere
1241 542 1407 621 putentur.

376 621 462 685 unde
495 621 597 685 miror
631 623 791 705 quomodo
825 623 955 706 quidam
986 623 1212 706 procacissime
1242 644 1337 686 ausus
1367 623 1411 685 sit

377 705 481 768 dicere
496 725 660 788 desperem
684 710 718 769 et
732 728 798 770 non
813 707 918 770 solum
933 705 1091 789 pluralem
1107 727 1279 770 numerum
1296 711 1410 770 contra

376 810 505 853 omnem
536 790 684 854 ordinem
706 790 932 874 rationemque
954 790 1195 856 confusibiliter
1217 792 1408 873 adsumpsit,
1433 818 1447 858 s

375 894 488 937 uerum
516 874 616 938 etiam
646 895 750 960 genus
778 879 885 958 ipsum
913 875 1058 958 corrupit
1078 896 1139 960 pro
1162 874 1304 938 neutrali
1326 895 1409 938 mas-

377 958 520 1021 culinum
542 979 679 1041 ponens.
718 958 774 1023 sed
796 959 982 1023 huiusmodi
1004 960 1068 1023 uiri
1091 980 1225 1035 nomen,
1257 959 1331 1041 quia
1353 979 1409 1022 no·
1456 1034 1458 1037 Ι

376 1041 450 1105 bilis
479 1045 530 1104 est
557 1046 590 1105 et
618 1044 697 1105 satis
720 1043 827 1106 clarus
850 1047 883 1107 et
905 1044 1016 1106 multis
1037 1043 1124 1107 forte
1146 1045 1216 1106 eius
1238 1041 1411 1124 displiceat·

376 1124 529 1201 infamia,
558 1125 730 1189 manifeste
760 1127 896 1209 prodere
919 1126 1012 1210 nolo,
1039 1126 1230 1210 praesertim
1253 1145 1324 1189 cum
1348 1123 1410 1188 hoo

377 1208 544 1272 confessus
574 1209 617 1274 sit
644 1229 710 1273 non
733 1209 837 1274 solum
859 1209 1025 1274 audaciter
1047 1211 1103 1275 sed
1126 1214 1159 1275 et
1181 1210 1352 1273 temerarie
1375 1229 1408 1272 se
1424 1238 1448 1276 ιο

377 1293 495 1356 dixisse
519 1296 552 1355 et
573 1292 691 1356 faciem
715 1315 806 1357 suam
828 1295 861 1356 in
879 1295 986 1357 sinum
1000 1315 1109 1358 meum
1124 1294 1315 1378 porrexerit.
1354 1293 1410 1357 sed

378 1376 416 1440 de
445 1375 505 1440 hoc
533 1377 605 1440 uiro
633 1378 712 1441 satis
741 1377 784 1441 sit
812 1378 943 1442 dictum.
982 1383 1124 1442 ceterum
1147 1379 1183 1440 in
1205 1377 1409 1440 nominatiuo

378 1482 472 1524 cassu
494 1461 665 1524 scribendo
690 1461 783 1525 multi
799 1467 956 1544 superflue
979 1466 1012 1524 et
1034 1470 1185 1545 corrupte
1208 1462 1261 1524 uel
1284 1459 1408 1523 addunt

379 1543 482 1607 multa
503 1543 558 1607 uel
579 1546 748 1622 minuunt,
771 1549 808 1608 ut
823 1549 872 1609 est
893 1545 1075 1624 brachium,
1099 1567 1172 1610 cum
1193 1545 1246 1607 hic
1267 1545 1289 1608 b
1313 1544 1411 1608 scribi

379 1649 445 1691 non
469 1627 575 1691 debet.
621 1628 714 1691 multi
739 1630 836 1692 etiam
860 1628 974 1692 dicunt
993 1630 1093 1711 fillius
1115 1649 1174 1712 pro
1198 1649 1236 1692 eo
1260 1629 1344 1709 quod
1368 1628 1412 1690 sit
1425 1652 1450 1692 15

376 1712 478 1793 silias:
508 1712 592 1774 sicut
621 1711 856 1774 Maceronto
884 1731 1018 1795 graecus
1049 1712 1243 1796 discipulus,
1274 1731 1411 1775 monens

376 1795 520 1859 nondum
537 1795 702 1878 integrum
718 1795 907 1877 discipulos,
927 1796 1025 1858 immo
1042 1817 1175 1860 mouere
1190 1797 1312 1857 audens
1329 1798 1361 1857 et
1376 1797 1413 1857 ut

377 1879 496 1942 rectius
525 1877 630 1940 dicam
658 1898 865 1961 corrumpens
883 1879 983 1962 fillius
1004 1879 1112 1963 inquit
1134 1898 1222 1942 meus
1243 1897 1275 1942 cs
1297 1882 1341 1944 to.
1379 1880 1412 1940 et

379 1963 479 2025 miror
493 1961 580 2024 unde
595 1962 607 2025 l
621 1961 746 2024 addidit
760 1961 795 2024 in
810 1963 1015 2026 nominatiuo
1032 1984 1125 2026 cassu
1139 1961 1316 2045 singulari,
1338 1981 1412 2024 cum

376 2045 412 2108 in
434 2044 552 2128 plurali
573 2066 708 2109 numero
728 2047 814 2109 sicut
834 2046 927 2109 decet
949 2046 1114 2130 scripserit
1129 2065 1238 2110 moneo
1253 2065 1326 2128 uer,
1348 2045 1411 2128 filit
1424 2068 1450 2108 so

377 2132 448 2194 mei.
483 2128 598 2192 dicunt
613 2130 734 2193 etenim
751 2149 840 2195 cerus
854 2151 913 2214 pro
930 2149 1057 2209 ommam
1081 2134 1114 2194 et
1128 2129 1175 2194 sic
1191 2133 1300 2192 tamen
1315 2128 1412 2192 decli·

377 2215 460 2276 nant
474 2214 560 2276 cerui
575 2234 666 2277 cerua
682 2217 715 2276 et
730 2219 852 2296 cetera3
876 2220 909 2278 et
929 2218 1040 2277 tamen
1056 2213 1264 2298 peregrinum
1279 2217 1411 2295 tamque

378 2297 549 2361 barbarum
568 2301 635 2377 est,
658 2300 697 2360 ut
711 2298 795 2360 unde
811 2296 946 2362 allatum
962 2303 1026 2379 est,
1050 2297 1198 2380 intellegi
1217 2317 1284 2360 uon
1299 2297 1412 2378 possit.

462 2379 560 2443 Nunc
588 2381 628 2443 de
655 2380 809 2462 genetiuo
832 2401 933 2443 cassu.
976 2383 1082 2443 omnis
1104 2379 1275 2462 genetiuus
1299 2399 1408 2441 cassus

377 2464 414 2526 in
435 2463 448 2525 i
469 2462 598 2526 literam
627 2464 836 2542 terminatus,
866 2464 983 2528 dubius
1006 2468 1072 2547 est,
1100 2468 1157 2528 aut
1180 2464 1267 2526 euim
1289 2463 1409 2546 longus
1423 2487 1448 2526 aa

379 2551 435 2610 aut
465 2547 574 2610 breuis
609 2550 672 2610 est:
704 2547 821 2631 longus
849 2548 906 2630 qui
932 2547 967 2610 in
995 2550 1009 2613 i
1036 2548 1198 2631 duplicem
1227 2546 1347 2610 desinit
1375 2549 1412 2608 ut

380 2630 499 2711 bracii,
521 2630 597 2713 filit,
618 2631 719 2712 potii,
743 2631 850 2694 breuis
873 2631 928 2714 qui
947 2631 983 2694 in
1005 2652 1103 2695 unam
1125 2630 1319 2695 terminatur
1341 2631 1355 2693 i
1375 2633 1413 2692 ut

378 2715 477 2794 docti,
499 2715 583 2795 stili,
606 2714 707 2796 domi,
734 2714 812 2778 licet
827 2715 976 2779 nonnulli
991 2716 1165 2780 aestiment
1181 2715 1269 2777 hunc
1285 2734 1412 2777 cassum

380 2798 649 2880 quotiescumque
664 2798 698 2860 in
714 2799 728 2862 i
742 2799 945 2876 terminatur,
961 2799 1076 2863 debere
1093 2800 1227 2883 longum
1241 2797 1327 2876 fieri3
1351 2817 1412 2860 nos

380 2887 531 2945 naturam
565 2881 763 2963 syllabarum
792 2887 825 2944 et
852 2886 1035 2964 temporum
1063 2883 1098 2945 in
1129 2883 1189 2944 hoc
1219 2902 1316 2964 opere
1345 2900 1412 2944 non
1426 2903 1451 2943 so

380 2965 608 3039 discernimus,
632 2963 689 3028 sed
711 2964 903 3048 simpliciter
925 2965 1111 3029 disserimus
1127 2965 1288 3050 quomodo
1303 2985 1413 3028 cassus

380 3048 443 3131 ipsi
465 3048 610 3131 ponendi
631 3052 715 3112 sunt,
750 3069 817 3113 non
833 3049 920 3113 enim
935 3049 1012 3132 quia
1027 3050 1200 3133 genetiuus
1216 3069 1324 3112 cassus
1340 3067 1413 3131 pro·

381 3132 453 3195 duci
477 3132 611 3212 dicitur,
635 3131 755 3196 idcirco
778 3153 837 3215 per
859 3133 1099 3217 longitudinem
1115 3138 1300 3214 temporum
1315 3132 1414 3195 etiam

450 3338 462 3384 1
483 3339 618 3401 vesperat
633 3330 672 3409 N
680 3332 690 3398 1
705 3337 736 3385 10
747 3331 917 3386 temerariae
930 3328 963 3386 N
973 3334 983 3401 1
998 3339 1029 3388 13
1042 3331 1203 3401 superfluae
1217 3329 1252 3384 N
1260 3331 1270 3400 1
1284 3336 1316 3385 15
1328 3298 1414 3383 fillius

382 3400 415 3454 N
423 3401 434 3469 1
450 3404 480 3452 16
497 3398 618 3453 macedo
631 3401 707 3453 mter
718 3414 837 3468 graecos
850 3399 1004 3469 discipulos
1017 3401 1088 3455 coni.
1103 3399 1207 3454 Hortel
1218 3399 1230 3466 11
1245 3405 1274 3452 17
1288 3398 1415 3464 aud}ens

380 3500 416 3555 N
447 3505 478 3552 21
499 3478 576 3552 c⁰rus
593 3479 717 3619 {peruius
729 3499 764 3555 N
772 3501 783 3568 1
795 3506 829 3552 22
841 3503 989 3568 tamquam
998 3499 1033 3555 N
1041 3501 1051 3568 1
1064 3505 1098 3553 24
1110 3515 1191 3553 cassu
1201 3498 1236 3554 N
1243 3500 1254 3568 1
1266 3505 1300 3554 25
1313 3498 1415 3553 ductim

380 3567 414 3622 N
447 3565 598 3631 27bra}oii
643 3567 700 3634 l·28
712 3566 779 3620 dom
792 3566 827 3622 N
835 3569 891 3635 129
910 3582 1089 3634 quocumque
1107 3567 1146 3624 N.

434 3659 512 3708 virgil
527 3660 685 3701 educemur.
1193 3657 1208 3705 8
