<?xml version="1.0" encoding="UTF-8"?>
<!DOCTYPE html PUBLIC "-//W3C//DTD XHTML 1.0 Transitional//EN"
    "http://www.w3.org/TR/xhtml1/DTD/xhtml1-transitional.dtd">
<html xmlns="http://www.w3.org/1999/xhtml" xml:lang="en" lang="en">
 <head>
  <title>
</title>
<meta http-equiv="Content-Type" content="text/html;charset=utf-8" />
  <meta name='ocr-system' content='tesseract 3.04.00' />
  <meta name='ocr-capabilities' content='ocr_page ocr_carea ocr_par ocr_line ocrx_word'/>
</head>
<body>
  <div class='ocr_page' id='page_1' title='image "./opera02virggoog_0168.png"; bbox 0 0 3210 4162; ppageno 0'>
   <div class='ocr_carea' id='block_1_1' title="bbox 715 291 1370 364">
    <p class='ocr_par' dir='ltr' id='par_1_1' title="bbox 715 291 1370 364">
     <span class='ocr_line' id='line_1_1' title="bbox 715 291 1370 364; baseline 0.002 -18"><span class='ocrx_word' id='word_1_1' title='bbox 715 293 765 347; x_wconf 87' lang='lat'>111.</span> <span class='ocrx_word' id='word_1_2' title='bbox 793 291 843 347; x_wconf 83' lang='lat' dir='ltr'>on</span> <span class='ocrx_word' id='word_1_3' title='bbox 862 293 995 354; x_wconf 80' lang='lat' dir='ltr'>nasso.</span> <span class='ocrx_word' id='word_1_4' title='bbox 1308 298 1370 364; x_wconf 86' lang='lat'>143</span> 
     </span>
    </p>
   </div>
   <div class='ocr_carea' id='block_1_2' title="bbox 308 445 1405 3290">
    <p class='ocr_par' dir='ltr' id='par_1_2' title="bbox 308 445 1405 2364">
     <span class='ocr_line' id='line_1_2' title="bbox 423 445 1366 535; baseline 0.006 -26"><span class='ocrx_word' id='word_1_5' title='bbox 423 445 527 528; x_wconf 86' lang='lat' dir='ltr'>Super</span> <span class='ocrx_word' id='word_1_6' title='bbox 564 446 627 511; x_wconf 84' lang='lat' dir='ltr'>hac</span> <span class='ocrx_word' id='word_1_7' title='bbox 663 467 698 511; x_wconf 88' lang='lat' dir='ltr'>re</span> <span class='ocrx_word' id='word_1_8' title='bbox 731 447 907 512; x_wconf 81' lang='lat' dir='ltr'><strong>Aeneam</strong></span> <span class='ocrx_word' id='word_1_9' title='bbox 946 446 1119 531; x_wconf 89' lang='lat' dir='ltr'>aliquando</span> <span class='ocrx_word' id='word_1_10' title='bbox 1151 449 1366 535; x_wconf 83' lang='lat' dir='ltr'>interrogans,</span> 
     </span>
     <span class='ocr_line' id='line_1_3' title="bbox 336 529 1367 618; baseline 0.004 -22"><span class='ocrx_word' id='word_1_11' title='bbox 336 529 447 597; x_wconf 90' lang='lat' dir='ltr'>audiui</span> <span class='ocrx_word' id='word_1_12' title='bbox 469 533 510 596; x_wconf 87' lang='lat' dir='ltr'>ab</span> <span class='ocrx_word' id='word_1_13' title='bbox 532 531 605 614; x_wconf 91' lang='lat' dir='ltr'>ipso</span> <span class='ocrx_word' id='word_1_14' title='bbox 629 531 694 597; x_wconf 86' lang='lat' dir='ltr'>tale</span> <span class='ocrx_word' id='word_1_15' title='bbox 709 552 918 616; x_wconf 88' lang='lat' dir='ltr'>responsum:</span> <span class='ocrx_word' id='word_1_16' title='bbox 942 533 1081 598; x_wconf 67' lang='lat' dir='ltr'>accede</span> <span class='ocrx_word' id='word_1_17' title='bbox 1095 532 1257 618; x_wconf 84' lang='lat' dir='ltr'>inquiens,</span> <span class='ocrx_word' id='word_1_18' title='bbox 1276 535 1367 618; x_wconf 72' lang='lat' dir='ltr'>ofili,</span> 
     </span>
     <span class='ocr_line' id='line_1_4' title="bbox 336 616 1368 700; baseline 0.003 -19"><span class='ocrx_word' id='word_1_19' title='bbox 336 621 365 681; x_wconf 82' lang='lat' dir='ltr'>ct</span> <span class='ocrx_word' id='word_1_20' title='bbox 392 616 460 680; x_wconf 77' lang='lat' dir='ltr'>nott</span> <span class='ocrx_word' id='word_1_21' title='bbox 486 618 620 680; x_wconf 53' lang='lat' dir='ltr'>ommis</span> <span class='ocrx_word' id='word_1_22' title='bbox 648 617 774 694; x_wconf 79' lang='lat' dir='ltr'>qwidem</span> <span class='ocrx_word' id='word_1_23' title='bbox 804 616 940 681; x_wconf 75' lang='lat' dir='ltr'>auribus</span> <span class='ocrx_word' id='word_1_24' title='bbox 966 618 1121 698; x_wconf 70' lang='lat' dir='ltr'>recipere,</span> <span class='ocrx_word' id='word_1_25' title='bbox 1151 621 1181 683; x_wconf 81' lang='lat' dir='ltr'>si</span> <span class='ocrx_word' id='word_1_26' title='bbox 1211 622 1282 700; x_wconf 81' lang='lat' dir='ltr'>qais</span> <span class='ocrx_word' id='word_1_27' title='bbox 1311 619 1368 684; x_wconf 83' lang='lat' dir='ltr'>tibi</span> 
     </span>
     <span class='ocr_line' id='line_1_5' title="bbox 316 699 1366 782; baseline 0.003 -17"><span class='ocrx_word' id='word_1_28' title='bbox 316 701 475 772; x_wconf 61' lang='lat' dir='ltr'>,suaserit</span> <span class='ocrx_word' id='word_1_29' title='bbox 494 701 579 780; x_wconf 81' lang='lat' dir='ltr'>qaod</span> <span class='ocrx_word' id='word_1_30' title='bbox 598 700 701 764; x_wconf 71' lang='lat' dir='ltr'>atam</span> <span class='ocrx_word' id='word_1_31' title='bbox 726 699 859 765; x_wconf 77' lang='lat' dir='ltr'>certam</span> <span class='ocrx_word' id='word_1_32' title='bbox 885 701 980 782; x_wconf 83' lang='lat' dir='ltr'>assit,</span> <span class='ocrx_word' id='word_1_33' title='bbox 1009 703 1094 782; x_wconf 83' lang='lat' dir='ltr'>qaod</span> <span class='ocrx_word' id='word_1_34' title='bbox 1120 702 1156 765; x_wconf 80' lang='lat' dir='ltr'>ia</span> <span class='ocrx_word' id='word_1_35' title='bbox 1182 708 1260 767; x_wconf 74' lang='lat' dir='ltr'>‘am&#39;</span> <span class='ocrx_word' id='word_1_36' title='bbox 1288 703 1366 768; x_wconf 76' lang='lat' dir='ltr'>litte-</span> 
     </span>
     <span class='ocr_line' id='line_1_6' title="bbox 334 783 1405 868; baseline 0 -21"><span class='ocrx_word' id='word_1_37' title='bbox 334 803 409 850; x_wconf 85' lang='lat' dir='ltr'>ram</span> <span class='ocrx_word' id='word_1_38' title='bbox 430 783 581 866; x_wconf 72' lang='lat' dir='ltr'>finiatwr,</span> <span class='ocrx_word' id='word_1_39' title='bbox 603 784 702 849; x_wconf 76' lang='lat' dir='ltr'>ullius</span> <span class='ocrx_word' id='word_1_40' title='bbox 723 785 970 865; x_wconf 55' lang='lat' dir='ltr'>aestimationis</span> <span class='ocrx_word' id='word_1_41' title='bbox 993 804 1147 865; x_wconf 80' lang='lat' dir='ltr'>quaeres</span> <span class='ocrx_word' id='word_1_42' title='bbox 1167 787 1241 868; x_wconf 62' lang='lat' dir='ltr'>pieri</span> <span class='ocrx_word' id='word_1_43' title='bbox 1262 808 1284 851; x_wconf 86' lang='lat' dir='ltr'>a</span> <span class='ocrx_word' id='word_1_44' title='bbox 1299 806 1365 850; x_wconf 81' lang='lat' dir='ltr'>cor·</span> <span class='ocrx_word' id='word_1_45' title='bbox 1392 805 1405 847; x_wconf 86' lang='lat' dir='ltr'>s</span> 
     </span>
     <span class='ocr_line' id='line_1_7' title="bbox 334 867 1367 950; baseline 0.004 -20"><span class='ocrx_word' id='word_1_46' title='bbox 334 872 448 950; x_wconf 81' lang='lat' dir='ltr'>raptae</span> <span class='ocrx_word' id='word_1_47' title='bbox 458 869 572 931; x_wconf 68' lang='lat' dir='ltr'>ineatis</span> <span class='ocrx_word' id='word_1_48' title='bbox 586 867 768 932; x_wconf 72' lang='lat' dir='ltr'>bominibus</span> <span class='ocrx_word' id='word_1_49' title='bbox 782 869 995 932; x_wconf 75' lang='lat' dir='ltr'>introductum</span> <span class='ocrx_word' id='word_1_50' title='bbox 1010 873 1055 932; x_wconf 85' lang='lat' dir='ltr'>cst</span> <span class='ocrx_word' id='word_1_51' title='bbox 1068 873 1097 933; x_wconf 86' lang='lat' dir='ltr'>et</span> <span class='ocrx_word' id='word_1_52' title='bbox 1111 869 1162 932; x_wconf 83' lang='lat' dir='ltr'>tis</span> <span class='ocrx_word' id='word_1_53' title='bbox 1175 870 1367 949; x_wconf 73' lang='lat' dir='ltr'>quintilem</span> 
     </span>
     <span class='ocr_line' id='line_1_8' title="bbox 334 950 1367 1033; baseline 0.003 -19"><span class='ocrx_word' id='word_1_54' title='bbox 334 970 373 1014; x_wconf 75' lang='lat' dir='ltr'>ca</span> <span class='ocrx_word' id='word_1_55' title='bbox 400 950 557 1015; x_wconf 74' lang='lat' dir='ltr'>actoribus</span> <span class='ocrx_word' id='word_1_56' title='bbox 583 953 743 1016; x_wconf 74' lang='lat' dir='ltr'>rationem</span> <span class='ocrx_word' id='word_1_57' title='bbox 773 951 899 1032; x_wconf 79' lang='lat' dir='ltr'>scriptis</span> <span class='ocrx_word' id='word_1_58' title='bbox 929 956 1130 1032; x_wconf 64' lang='lat' dir='ltr'>scaporum,</span> <span class='ocrx_word' id='word_1_59' title='bbox 1168 953 1367 1033; x_wconf 70' lang='lat' dir='ltr'>coenasque</span> 
     </span>
     <span class='ocr_line' id='line_1_9' title="bbox 335 1034 1367 1119; baseline 0.001 -21"><span class='ocrx_word' id='word_1_60' title='bbox 335 1035 472 1116; x_wconf 76' lang='lat' dir='ltr'>inproba</span> <span class='ocrx_word' id='word_1_61' title='bbox 486 1037 622 1099; x_wconf 78' lang='lat' dir='ltr'>atcerte</span> <span class='ocrx_word' id='word_1_62' title='bbox 641 1034 780 1116; x_wconf 81' lang='lat' dir='ltr'>probare</span> <span class='ocrx_word' id='word_1_63' title='bbox 802 1038 831 1098; x_wconf 82' lang='lat' dir='ltr'>ct</span> <span class='ocrx_word' id='word_1_64' title='bbox 851 1035 1051 1116; x_wconf 73' lang='lat' dir='ltr'>confirmare.</span> <span class='ocrx_word' id='word_1_65' title='bbox 1086 1036 1259 1100; x_wconf 79' lang='lat' dir='ltr'><strong>sumebant</strong></span> <span class='ocrx_word' id='word_1_66' title='bbox 1273 1056 1367 1119; x_wconf 89' lang='lat' dir='ltr'>quas·</span> 
     </span>
     <span class='ocr_line' id='line_1_10' title="bbox 334 1117 1365 1202; baseline 0.001 -20"><span class='ocrx_word' id='word_1_67' title='bbox 334 1117 408 1182; x_wconf 89' lang='lat' dir='ltr'>dam</span> <span class='ocrx_word' id='word_1_68' title='bbox 438 1117 530 1200; x_wconf 88' lang='lat' dir='ltr'>quasi</span> <span class='ocrx_word' id='word_1_69' title='bbox 557 1117 821 1202; x_wconf 81' lang='lat' dir='ltr'>coniugationum</span> <span class='ocrx_word' id='word_1_70' title='bbox 844 1119 985 1201; x_wconf 89' lang='lat' dir='ltr'>species,</span> <span class='ocrx_word' id='word_1_71' title='bbox 1013 1121 1052 1184; x_wconf 88' lang='lat' dir='ltr'>ut</span> <span class='ocrx_word' id='word_1_72' title='bbox 1073 1118 1129 1183; x_wconf 90' lang='lat' dir='ltr'>alii</span> <span class='ocrx_word' id='word_1_73' title='bbox 1153 1119 1298 1184; x_wconf 78' lang='lat' dir='ltr'>dicerent</span> <span class='ocrx_word' id='word_1_74' title='bbox 1318 1141 1365 1183; x_wconf 91' lang='lat' dir='ltr'>se·</span> 
     </span>
     <span class='ocr_line' id='line_1_11' title="bbox 334 1201 1405 1286; baseline -0.005 -21"><span class='ocrx_word' id='word_1_75' title='bbox 334 1201 457 1265; x_wconf 88' lang='lat' dir='ltr'>eundae</span> <span class='ocrx_word' id='word_1_76' title='bbox 479 1201 721 1284; x_wconf 83' lang='lat' dir='ltr'>coniugationis</span> <span class='ocrx_word' id='word_1_77' title='bbox 744 1222 830 1282; x_wconf 87' lang='lat' dir='ltr'>esse,</span> <span class='ocrx_word' id='word_1_78' title='bbox 854 1201 929 1285; x_wconf 91' lang='lat' dir='ltr'>quia</span> <span class='ocrx_word' id='word_1_79' title='bbox 951 1203 1027 1266; x_wconf 88' lang='lat' dir='ltr'>licet</span> <span class='ocrx_word' id='word_1_80' title='bbox 1047 1202 1082 1265; x_wconf 90' lang='lat' dir='ltr'>in</span> <span class='ocrx_word' id='word_1_81' title='bbox 1104 1203 1210 1284; x_wconf 86' lang='lat' dir='ltr'>prima</span> <span class='ocrx_word' id='word_1_82' title='bbox 1225 1223 1366 1286; x_wconf 89' lang='lat' dir='ltr'>persona</span> <span class='ocrx_word' id='word_1_83' title='bbox 1379 1222 1405 1261; x_wconf 82' lang='grc' dir='ltr'>ιο</span> 
     </span>
     <span class='ocr_line' id='line_1_12' title="bbox 334 1284 1366 1366; baseline 0.002 -18"><span class='ocrx_word' id='word_1_84' title='bbox 334 1306 403 1348; x_wconf 92' lang='lat' dir='ltr'>non</span> <span class='ocrx_word' id='word_1_85' title='bbox 426 1305 516 1349; x_wconf 88' lang='lat' dir='ltr'>more</span> <span class='ocrx_word' id='word_1_86' title='bbox 538 1284 634 1349; x_wconf 89' lang='lat' dir='ltr'>solito</span> <span class='ocrx_word' id='word_1_87' title='bbox 656 1285 691 1348; x_wconf 90' lang='lat' dir='ltr'>in</span> <span class='ocrx_word' id='word_1_88' title='bbox 707 1305 741 1349; x_wconf 90' lang='lat' dir='ltr'>eo</span> <span class='ocrx_word' id='word_1_89' title='bbox 757 1288 874 1358; x_wconf 82' lang='lat' dir='ltr'>exeant</span> <span class='ocrx_word' id='word_1_90' title='bbox 889 1290 925 1348; x_wconf 90' lang='lat' dir='ltr'>ut</span> <span class='ocrx_word' id='word_1_91' title='bbox 938 1287 1046 1366; x_wconf 76' lang='lat' dir='ltr'>uideo,</span> <span class='ocrx_word' id='word_1_92' title='bbox 1070 1286 1207 1350; x_wconf 86' lang='lat' dir='ltr'>certain</span> <span class='ocrx_word' id='word_1_93' title='bbox 1224 1287 1366 1350; x_wconf 88' lang='lat' dir='ltr'>secunda</span> 
     </span>
     <span class='ocr_line' id='line_1_13' title="bbox 333 1367 1364 1453; baseline -0.001 -20"><span class='ocrx_word' id='word_1_94' title='bbox 333 1388 474 1451; x_wconf 89' lang='lat' dir='ltr'>persona</span> <span class='ocrx_word' id='word_1_95' title='bbox 495 1369 529 1430; x_wconf 90' lang='lat' dir='ltr'>in</span> <span class='ocrx_word' id='word_1_96' title='bbox 553 1388 584 1433; x_wconf 86' lang='lat' dir='ltr'>es</span> <span class='ocrx_word' id='word_1_97' title='bbox 606 1367 772 1447; x_wconf 89' lang='lat' dir='ltr'>desinunt,</span> <span class='ocrx_word' id='word_1_98' title='bbox 796 1371 834 1432; x_wconf 93' lang='lat' dir='ltr'>ut</span> <span class='ocrx_word' id='word_1_99' title='bbox 848 1389 890 1433; x_wconf 87' lang='lat' dir='ltr'>es.</span> <span class='ocrx_word' id='word_1_100' title='bbox 924 1390 944 1431; x_wconf 93' lang='lat' dir='ltr'>a</span> <span class='ocrx_word' id='word_1_101' title='bbox 959 1368 1075 1453; x_wconf 91' lang='lat' dir='ltr'>quibus</span> <span class='ocrx_word' id='word_1_102' title='bbox 1090 1369 1255 1453; x_wconf 86' lang='lat' dir='ltr'>inquirere</span> <span class='ocrx_word' id='word_1_103' title='bbox 1271 1370 1364 1433; x_wconf 89' lang='lat' dir='ltr'>debe·</span> 
     </span>
     <span class='ocr_line' id='line_1_14' title="bbox 334 1451 1364 1533; baseline 0.001 -19"><span class='ocrx_word' id='word_1_104' title='bbox 334 1473 403 1515; x_wconf 92' lang='lat' dir='ltr'>mus</span> <span class='ocrx_word' id='word_1_105' title='bbox 427 1455 534 1514; x_wconf 91' lang='lat' dir='ltr'>utrum</span> <span class='ocrx_word' id='word_1_106' title='bbox 557 1453 702 1515; x_wconf 82' lang='lat' dir='ltr'>futurum</span> <span class='ocrx_word' id='word_1_107' title='bbox 724 1455 853 1533; x_wconf 89' lang='lat' dir='ltr'>tempus</span> <span class='ocrx_word' id='word_1_108' title='bbox 876 1451 1018 1516; x_wconf 85' lang='lat' dir='ltr'>eiusdem</span> <span class='ocrx_word' id='word_1_109' title='bbox 1041 1452 1133 1516; x_wconf 89' lang='lat' dir='ltr'>uerbi</span> <span class='ocrx_word' id='word_1_110' title='bbox 1155 1455 1190 1516; x_wconf 90' lang='lat' dir='ltr'>in</span> <span class='ocrx_word' id='word_1_111' title='bbox 1207 1452 1243 1517; x_wconf 85' lang='lat' dir='ltr'>bo</span> <span class='ocrx_word' id='word_1_112' title='bbox 1259 1457 1316 1517; x_wconf 92' lang='lat' dir='ltr'>aut</span> <span class='ocrx_word' id='word_1_113' title='bbox 1329 1453 1364 1516; x_wconf 91' lang='lat' dir='ltr'>in</span> 
     </span>
     <span class='ocr_line' id='line_1_15' title="bbox 334 1534 1364 1617; baseline -0.003 -16"><span class='ocrx_word' id='word_1_114' title='bbox 334 1535 390 1601; x_wconf 81' lang='lat' dir='ltr'>bor</span> <span class='ocrx_word' id='word_1_115' title='bbox 419 1535 506 1598; x_wconf 84' lang='lat' dir='ltr'>exire</span> <span class='ocrx_word' id='word_1_116' title='bbox 534 1555 630 1617; x_wconf 90' lang='lat' dir='ltr'>posse</span> <span class='ocrx_word' id='word_1_117' title='bbox 657 1535 839 1598; x_wconf 87' lang='lat' dir='ltr'>inueniant.</span> <span class='ocrx_word' id='word_1_118' title='bbox 885 1534 941 1598; x_wconf 89' lang='lat' dir='ltr'>alii</span> <span class='ocrx_word' id='word_1_119' title='bbox 970 1556 1047 1600; x_wconf 89' lang='lat' dir='ltr'>uero</span> <span class='ocrx_word' id='word_1_120' title='bbox 1076 1536 1259 1600; x_wconf 88' lang='lat' dir='ltr'>firmissime</span> <span class='ocrx_word' id='word_1_121' title='bbox 1287 1555 1364 1600; x_wconf 91' lang='lat' dir='ltr'>con·</span> 
     </span>
     <span class='ocr_line' id='line_1_16' title="bbox 334 1618 1404 1703; baseline 0 -20"><span class='ocrx_word' id='word_1_122' title='bbox 334 1619 473 1683; x_wconf 92' lang='lat' dir='ltr'>tendunt</span> <span class='ocrx_word' id='word_1_123' title='bbox 505 1619 635 1682; x_wconf 87' lang='lat' dir='ltr'>tertiam</span> <span class='ocrx_word' id='word_1_124' title='bbox 669 1638 739 1682; x_wconf 89' lang='lat' dir='ltr'>esse</span> <span class='ocrx_word' id='word_1_125' title='bbox 767 1618 1048 1703; x_wconf 82' lang='lat' dir='ltr'>coniugationern,</span> <span class='ocrx_word' id='word_1_126' title='bbox 1081 1619 1157 1703; x_wconf 89' lang='lat' dir='ltr'>quia</span> <span class='ocrx_word' id='word_1_127' title='bbox 1184 1619 1363 1683; x_wconf 81' lang='lat' dir='ltr'>indicatiuo</span> <span class='ocrx_word' id='word_1_128' title='bbox 1379 1636 1404 1676; x_wconf 77' lang='lat'>1⁵</span> 
     </span>
     <span class='ocr_line' id='line_1_17' title="bbox 333 1702 1365 1787; baseline 0.001 -22"><span class='ocrx_word' id='word_1_129' title='bbox 333 1702 428 1767; x_wconf 87' lang='lat' dir='ltr'>modo</span> <span class='ocrx_word' id='word_1_130' title='bbox 451 1705 596 1784; x_wconf 82' lang='lat' dir='ltr'>ternpore</span> <span class='ocrx_word' id='word_1_131' title='bbox 619 1703 784 1786; x_wconf 77' lang='lat' dir='ltr'>praesenti</span> <span class='ocrx_word' id='word_1_132' title='bbox 805 1723 941 1766; x_wconf 92' lang='lat' dir='ltr'>numero</span> <span class='ocrx_word' id='word_1_133' title='bbox 964 1703 1082 1786; x_wconf 81' lang='lat' dir='ltr'>plurali</span> <span class='ocrx_word' id='word_1_134' title='bbox 1103 1724 1244 1787; x_wconf 88' lang='lat' dir='ltr'>persona</span> <span class='ocrx_word' id='word_1_135' title='bbox 1267 1702 1365 1767; x_wconf 89' lang='lat' dir='ltr'>tertia</span> 
     </span>
     <span class='ocr_line' id='line_1_18' title="bbox 332 1786 1364 1870; baseline -0.003 -19"><span class='ocrx_word' id='word_1_136' title='bbox 332 1791 408 1852; x_wconf 79' lang='lat' dir='ltr'>suat</span> <span class='ocrx_word' id='word_1_137' title='bbox 429 1786 536 1850; x_wconf 91' lang='lat' dir='ltr'>habet.</span> <span class='ocrx_word' id='word_1_138' title='bbox 574 1787 629 1849; x_wconf 87' lang='lat' dir='ltr'>sed</span> <span class='ocrx_word' id='word_1_139' title='bbox 658 1786 734 1870; x_wconf 90' lang='lat' dir='ltr'>quia</span> <span class='ocrx_word' id='word_1_140' title='bbox 757 1787 891 1850; x_wconf 90' lang='lat' dir='ltr'>omnino</span> <span class='ocrx_word' id='word_1_141' title='bbox 914 1808 973 1869; x_wconf 88' lang='lat' dir='ltr'>per</span> <span class='ocrx_word' id='word_1_142' title='bbox 995 1790 1099 1852; x_wconf 90' lang='lat' dir='ltr'>totum</span> <span class='ocrx_word' id='word_1_143' title='bbox 1121 1789 1257 1852; x_wconf 89' lang='lat' dir='ltr'>uerbum</span> <span class='ocrx_word' id='word_1_144' title='bbox 1280 1786 1364 1850; x_wconf 88' lang='lat' dir='ltr'>nihil</span> 
     </span>
     <span class='ocr_line' id='line_1_19' title="bbox 333 1869 1363 2016; baseline -0.001 -83"><span class='ocrx_word' id='word_1_145' title='bbox 333 1870 471 1952; x_wconf 85' lang='lat' dir='ltr'>habent,</span> <span class='ocrx_word' id='word_1_146' title='bbox 495 1872 579 1952; x_wconf 92' lang='lat' dir='ltr'>quod</span> <span class='ocrx_word' id='word_1_147' title='bbox 602 1871 733 1936; x_wconf 88' lang='lat' dir='ltr'>tertiam</span> <span class='ocrx_word' id='word_1_148' title='bbox 749 1869 1011 2016; x_wconf 55' lang='lat' dir='ltr'>coniufationem</span> <span class='ocrx_word' id='word_1_149' title='bbox 1027 1871 1188 1934; x_wconf 86' lang='lat' dir='ltr'>ueraciter</span> <span class='ocrx_word' id='word_1_150' title='bbox 1203 1869 1363 1951; x_wconf 87' lang='lat' dir='ltr'>ostendat,</span> 
     </span>
     <span class='ocr_line' id='line_1_20' title="bbox 332 1953 1364 2038; baseline -0.001 -22"><span class='ocrx_word' id='word_1_151' title='bbox 332 1953 480 2037; x_wconf 84' lang='lat' dir='ltr'>profecto</span> <span class='ocrx_word' id='word_1_152' title='bbox 505 1974 609 2017; x_wconf 85' lang='lat' dir='ltr'>errare</span> <span class='ocrx_word' id='word_1_153' title='bbox 633 1974 688 2018; x_wconf 92' lang='lat' dir='ltr'>eos</span> <span class='ocrx_word' id='word_1_154' title='bbox 711 1953 875 2037; x_wconf 92' lang='lat' dir='ltr'>opinabie</span> <span class='ocrx_word' id='word_1_155' title='bbox 899 1957 956 2018; x_wconf 86' lang='lat' dir='ltr'>est.</span> <span class='ocrx_word' id='word_1_156' title='bbox 990 1953 1083 2018; x_wconf 87' lang='lat' dir='ltr'>falsis</span> <span class='ocrx_word' id='word_1_157' title='bbox 1105 1953 1215 2038; x_wconf 86' lang='lat' dir='ltr'>itaque</span> <span class='ocrx_word' id='word_1_158' title='bbox 1232 1957 1265 2018; x_wconf 90' lang='lat' dir='ltr'>et</span> <span class='ocrx_word' id='word_1_159' title='bbox 1279 1974 1364 2017; x_wconf 91' lang='lat' dir='ltr'>com-</span> 
     </span>
     <span class='ocr_line' id='line_1_21' title="bbox 332 2037 1404 2120; baseline -0.005 -20"><span class='ocrx_word' id='word_1_160' title='bbox 332 2037 531 2101; x_wconf 83' lang='lat' dir='ltr'>mentaticiis</span> <span class='ocrx_word' id='word_1_161' title='bbox 560 2039 787 2119; x_wconf 87' lang='lat' dir='ltr'>imperitorum</span> <span class='ocrx_word' id='word_1_162' title='bbox 816 2037 1052 2120; x_wconf 76' lang='lat' dir='ltr'>suspicionibus</span> <span class='ocrx_word' id='word_1_163' title='bbox 1082 2038 1231 2116; x_wconf 87' lang='lat' dir='ltr'>detectis,</span> <span class='ocrx_word' id='word_1_164' title='bbox 1265 2037 1364 2100; x_wconf 89' lang='lat' dir='ltr'>immo</span> <span class='ocrx_word' id='word_1_165' title='bbox 1378 2055 1404 2095; x_wconf 83' lang='lat' dir='ltr'>ro</span> 
     </span>
     <span class='ocr_line' id='line_1_22' title="bbox 333 2119 1363 2204; baseline -0.002 -21"><span class='ocrx_word' id='word_1_166' title='bbox 333 2120 464 2196; x_wconf 88' lang='lat' dir='ltr'>amotis,</span> <span class='ocrx_word' id='word_1_167' title='bbox 495 2141 591 2184; x_wconf 90' lang='lat' dir='ltr'>omne</span> <span class='ocrx_word' id='word_1_168' title='bbox 621 2120 756 2184; x_wconf 88' lang='lat' dir='ltr'>uerbum</span> <span class='ocrx_word' id='word_1_169' title='bbox 780 2120 864 2202; x_wconf 86' lang='lat' dir='ltr'>qnod</span> <span class='ocrx_word' id='word_1_170' title='bbox 886 2121 1024 2204; x_wconf 92' lang='lat' dir='ltr'>primam</span> <span class='ocrx_word' id='word_1_171' title='bbox 1046 2119 1170 2185; x_wconf 91' lang='lat' dir='ltr'>habens</span> <span class='ocrx_word' id='word_1_172' title='bbox 1192 2140 1363 2202; x_wconf 87' lang='lat' dir='ltr'>personam</span> 
     </span>
     <span class='ocr_line' id='line_1_23' title="bbox 308 2203 1365 2288; baseline -0.002 -22"><span class='ocrx_word' id='word_1_173' title='bbox 308 2203 398 2266; x_wconf 88' lang='lat' dir='ltr'>non</span> <span class='ocrx_word' id='word_1_174' title='bbox 421 2203 456 2266; x_wconf 92' lang='lat' dir='ltr'>in</span> <span class='ocrx_word' id='word_1_175' title='bbox 480 2221 497 2267; x_wconf 91' lang='lat' dir='ltr'>o</span> <span class='ocrx_word' id='word_1_176' title='bbox 520 2203 648 2267; x_wconf 78' lang='lat' dir='ltr'>literam</span> <span class='ocrx_word' id='word_1_177' title='bbox 671 2203 865 2286; x_wconf 81' lang='lat' dir='ltr'>desinuerit,</span> <span class='ocrx_word' id='word_1_178' title='bbox 889 2203 1010 2267; x_wconf 87' lang='lat' dir='ltr'>nullius</span> <span class='ocrx_word' id='word_1_179' title='bbox 1033 2203 1274 2288; x_wconf 82' lang='lat' dir='ltr'>coniugationis</span> <span class='ocrx_word' id='word_1_180' title='bbox 1295 2223 1365 2266; x_wconf 85' lang='lat' dir='ltr'>esse</span> 
     </span>
     <span class='ocr_line' id='line_1_24' title="bbox 333 2286 767 2364; baseline 0 -14"><span class='ocrx_word' id='word_1_181' title='bbox 333 2288 562 2364; x_wconf 81' lang='lat' dir='ltr'>incunctanter</span> <span class='ocrx_word' id='word_1_182' title='bbox 585 2286 767 2350; x_wconf 88' lang='lat' dir='ltr'>definimus.</span> 
     </span>
    </p>

    <p class='ocr_par' dir='ltr' id='par_1_3' title="bbox 328 2367 1403 3290">
     <span class='ocr_line' id='line_1_25' title="bbox 418 2367 1363 2455; baseline -0.004 -21"><span class='ocrx_word' id='word_1_183' title='bbox 418 2369 504 2434; x_wconf 81' lang='lat' dir='ltr'>Sane</span> <span class='ocrx_word' id='word_1_184' title='bbox 532 2370 631 2434; x_wconf 89' lang='lat' dir='ltr'>etism</span> <span class='ocrx_word' id='word_1_185' title='bbox 659 2370 741 2434; x_wconf 88' lang='lat' dir='ltr'>illud</span> <span class='ocrx_word' id='word_1_186' title='bbox 764 2370 943 2455; x_wconf 88' lang='lat' dir='ltr'>quaeritur,</span> <span class='ocrx_word' id='word_1_187' title='bbox 973 2390 1072 2452; x_wconf 90' lang='lat' dir='ltr'>quare</span> <span class='ocrx_word' id='word_1_188' title='bbox 1094 2389 1167 2432; x_wconf 87' lang='lat' dir='ltr'>curn</span> <span class='ocrx_word' id='word_1_189' title='bbox 1191 2371 1256 2432; x_wconf 86' lang='lat' dir='ltr'>tres</span> <span class='ocrx_word' id='word_1_190' title='bbox 1280 2367 1363 2432; x_wconf 88' lang='lat' dir='ltr'>ordi-</span> 
     </span>
     <span class='ocr_line' id='line_1_26' title="bbox 330 2453 1402 2534; baseline -0.007 -17"><span class='ocrx_word' id='word_1_191' title='bbox 330 2453 483 2517; x_wconf 86' lang='lat' dir='ltr'>nationes</span> <span class='ocrx_word' id='word_1_192' title='bbox 499 2473 568 2516; x_wconf 89' lang='lat' dir='ltr'>esse</span> <span class='ocrx_word' id='word_1_193' title='bbox 582 2455 728 2517; x_wconf 89' lang='lat' dir='ltr'>omnium</span> <span class='ocrx_word' id='word_1_194' title='bbox 740 2456 983 2518; x_wconf 87' lang='lat' dir='ltr'>antecessorum</span> <span class='ocrx_word' id='word_1_195' title='bbox 997 2453 1228 2534; x_wconf 88' lang='lat' dir='ltr'>doctorumque</span> <span class='ocrx_word' id='word_1_196' title='bbox 1240 2453 1363 2514; x_wconf 90' lang='lat' dir='ltr'>nostro·</span> <span class='ocrx_word' id='word_1_197' title='bbox 1376 2467 1402 2509; x_wconf 77' lang='lat' dir='ltr'>aa</span> 
     </span>
     <span class='ocr_line' id='line_1_27' title="bbox 330 2533 1363 2618; baseline -0.001 -19"><span class='ocrx_word' id='word_1_198' title='bbox 330 2557 403 2600; x_wconf 90' lang='lat' dir='ltr'>rum</span> <span class='ocrx_word' id='word_1_199' title='bbox 435 2537 605 2601; x_wconf 84' lang='lat' dir='ltr'>confirmet</span> <span class='ocrx_word' id='word_1_200' title='bbox 636 2538 827 2616; x_wconf 84' lang='lat' dir='ltr'>auctoritas,</span> <span class='ocrx_word' id='word_1_201' title='bbox 862 2536 896 2598; x_wconf 89' lang='lat' dir='ltr'>in</span> <span class='ocrx_word' id='word_1_202' title='bbox 931 2555 1123 2618; x_wconf 87' lang='lat' dir='ltr'>unaquaque</span> <span class='ocrx_word' id='word_1_203' title='bbox 1158 2533 1363 2599; x_wconf 87' lang='lat' dir='ltr'>ordinatione</span> 
     </span>
     <span class='ocr_line' id='line_1_28' title="bbox 331 2618 1364 2705; baseline -0.004 -20"><span class='ocrx_word' id='word_1_204' title='bbox 331 2621 423 2705; x_wconf 87' lang='lat' dir='ltr'>quasi</span> <span class='ocrx_word' id='word_1_205' title='bbox 453 2620 655 2685; x_wconf 89' lang='lat' dir='ltr'>confussibili</span> <span class='ocrx_word' id='word_1_206' title='bbox 684 2623 780 2685; x_wconf 87' lang='lat' dir='ltr'>modo</span> <span class='ocrx_word' id='word_1_207' title='bbox 810 2619 941 2684; x_wconf 89' lang='lat' dir='ltr'>alterius</span> <span class='ocrx_word' id='word_1_208' title='bbox 969 2619 1091 2683; x_wconf 84' lang='lat' dir='ltr'>ordinis</span> <span class='ocrx_word' id='word_1_209' title='bbox 1123 2618 1237 2683; x_wconf 83' lang='lat' dir='ltr'>literae</span> <span class='ocrx_word' id='word_1_210' title='bbox 1265 2619 1364 2682; x_wconf 89' lang='lat' dir='ltr'>inter·</span> 
     </span>
     <span class='ocr_line' id='line_1_29' title="bbox 332 2700 1364 2786; baseline -0.005 -17"><span class='ocrx_word' id='word_1_211' title='bbox 332 2707 483 2769; x_wconf 85' lang='lat' dir='ltr'>serantur</span> <span class='ocrx_word' id='word_1_212' title='bbox 505 2705 540 2767; x_wconf 91' lang='lat' dir='ltr'>in</span> <span class='ocrx_word' id='word_1_213' title='bbox 562 2707 691 2769; x_wconf 86' lang='lat' dir='ltr'>tantum</span> <span class='ocrx_word' id='word_1_214' title='bbox 698 2753 707 2786; x_wconf 85' lang='lat'>,</span> <span class='ocrx_word' id='word_1_215' title='bbox 734 2710 771 2769; x_wconf 90' lang='lat' dir='ltr'>ut</span> <span class='ocrx_word' id='word_1_216' title='bbox 792 2704 827 2768; x_wconf 91' lang='lat' dir='ltr'>in</span> <span class='ocrx_word' id='word_1_217' title='bbox 849 2702 954 2786; x_wconf 88' lang='lat' dir='ltr'>prima</span> <span class='ocrx_word' id='word_1_218' title='bbox 968 2703 1109 2767; x_wconf 86' lang='lat' dir='ltr'>secunda</span> <span class='ocrx_word' id='word_1_219' title='bbox 1124 2705 1157 2766; x_wconf 91' lang='lat' dir='ltr'>et</span> <span class='ocrx_word' id='word_1_220' title='bbox 1172 2703 1206 2766; x_wconf 94' lang='lat' dir='ltr'>in</span> <span class='ocrx_word' id='word_1_221' title='bbox 1222 2700 1364 2765; x_wconf 88' lang='lat' dir='ltr'>secunda</span> 
     </span>
     <span class='ocr_line' id='line_1_30' title="bbox 331 2786 1363 2871; baseline -0.006 -18"><span class='ocrx_word' id='word_1_222' title='bbox 331 2793 365 2853; x_wconf 90' lang='lat' dir='ltr'>et</span> <span class='ocrx_word' id='word_1_223' title='bbox 392 2789 490 2852; x_wconf 84' lang='lat' dir='ltr'>tertia</span> <span class='ocrx_word' id='word_1_224' title='bbox 522 2788 727 2871; x_wconf 88' lang='lat' dir='ltr'>repperiatur</span> <span class='ocrx_word' id='word_1_225' title='bbox 755 2788 874 2871; x_wconf 82' lang='lat' dir='ltr'>prima3</span> <span class='ocrx_word' id='word_1_226' title='bbox 908 2786 1024 2851; x_wconf 90' lang='lat' dir='ltr'>scribis</span> <span class='ocrx_word' id='word_1_227' title='bbox 1053 2787 1140 2850; x_wconf 88' lang='lat' dir='ltr'>enirn</span> <span class='ocrx_word' id='word_1_228' title='bbox 1168 2786 1230 2850; x_wconf 85' lang='lat' dir='ltr'>sic:</span> <span class='ocrx_word' id='word_1_229' title='bbox 1262 2786 1363 2851; x_wconf 78' lang='lat' dir='ltr'>lauda</span> 
     </span>
     <span class='ocr_line' id='line_1_31' title="bbox 331 2868 1403 2954; baseline -0.007 -16"><span class='ocrx_word' id='word_1_230' title='bbox 331 2873 453 2951; x_wconf 70' lang='lat' dir='ltr'>osset,</span> <span class='ocrx_word' id='word_1_231' title='bbox 470 2873 542 2937; x_wconf 84' lang='lat' dir='ltr'>doce</span> <span class='ocrx_word' id='word_1_232' title='bbox 556 2875 679 2954; x_wconf 79' lang='lat' dir='ltr'>doceat,</span> <span class='ocrx_word' id='word_1_233' title='bbox 696 2872 759 2954; x_wconf 62' lang='lat' dir='ltr'>lece</span> <span class='ocrx_word' id='word_1_234' title='bbox 774 2873 870 2953; x_wconf 68' lang='grc' dir='ltr'>ἱεραί,</span> <span class='ocrx_word' id='word_1_235' title='bbox 892 2872 925 2932; x_wconf 87' lang='lat' dir='ltr'>et</span> <span class='ocrx_word' id='word_1_236' title='bbox 939 2869 1012 2934; x_wconf 89' lang='lat' dir='ltr'>ideo</span> <span class='ocrx_word' id='word_1_237' title='bbox 1028 2869 1166 2933; x_wconf 89' lang='lat' dir='ltr'>sollicite</span> <span class='ocrx_word' id='word_1_238' title='bbox 1182 2868 1360 2952; x_wconf 86' lang='lat' dir='ltr'>requirunt,</span> <span class='ocrx_word' id='word_1_239' title='bbox 1376 2889 1403 2931; x_wconf 84' lang='lat' dir='ltr'>ao</span> 
     </span>
     <span class='ocr_line' id='line_1_32' title="bbox 330 2951 1363 3040; baseline -0.005 -20"><span class='ocrx_word' id='word_1_240' title='bbox 330 2977 395 3040; x_wconf 88' lang='lat' dir='ltr'>qua</span> <span class='ocrx_word' id='word_1_241' title='bbox 421 2957 545 3020; x_wconf 89' lang='lat' dir='ltr'>ratione</span> <span class='ocrx_word' id='word_1_242' title='bbox 572 2956 652 3020; x_wconf 93' lang='lat' dir='ltr'>haec</span> <span class='ocrx_word' id='word_1_243' title='bbox 681 2954 867 3019; x_wconf 84' lang='lat' dir='ltr'>commixtio</span> <span class='ocrx_word' id='word_1_244' title='bbox 896 2952 983 3018; x_wconf 85' lang='lat' dir='ltr'>facta</span> <span class='ocrx_word' id='word_1_245' title='bbox 1004 2954 1056 3017; x_wconf 89' lang='lat' dir='ltr'>sit.</span> <span class='ocrx_word' id='word_1_246' title='bbox 1095 2974 1192 3036; x_wconf 89' lang='lat' dir='ltr'>super</span> <span class='ocrx_word' id='word_1_247' title='bbox 1213 2951 1275 3015; x_wconf 90' lang='lat' dir='ltr'>hoc</span> <span class='ocrx_word' id='word_1_248' title='bbox 1296 2951 1363 3034; x_wconf 93' lang='lat' dir='ltr'>ple·</span> 
     </span>
     <span class='ocr_line' id='line_1_33' title="bbox 330 3036 1361 3124; baseline -0.006 -21"><span class='ocrx_word' id='word_1_249' title='bbox 330 3043 422 3124; x_wconf 89' lang='lat' dir='ltr'>rique</span> <span class='ocrx_word' id='word_1_250' title='bbox 445 3042 629 3103; x_wconf 90' lang='lat' dir='ltr'>nostrorum</span> <span class='ocrx_word' id='word_1_251' title='bbox 653 3042 686 3102; x_wconf 89' lang='lat' dir='ltr'>et</span> <span class='ocrx_word' id='word_1_252' title='bbox 701 3059 720 3101; x_wconf 91' lang='lat' dir='ltr'>a</span> <span class='ocrx_word' id='word_1_253' title='bbox 736 3038 830 3102; x_wconf 90' lang='lat' dir='ltr'>nobis</span> <span class='ocrx_word' id='word_1_254' title='bbox 845 3039 878 3100; x_wconf 87' lang='lat' dir='ltr'>et</span> <span class='ocrx_word' id='word_1_255' title='bbox 893 3057 913 3098; x_wconf 87' lang='lat' dir='ltr'>a</span> <span class='ocrx_word' id='word_1_256' title='bbox 927 3036 1048 3100; x_wconf 88' lang='lat' dir='ltr'>nostris</span> <span class='ocrx_word' id='word_1_257' title='bbox 1064 3037 1231 3120; x_wconf 87' lang='lat' dir='ltr'>quaesiere</span> <span class='ocrx_word' id='word_1_258' title='bbox 1246 3055 1361 3117; x_wconf 87' lang='lat' dir='ltr'>paren-</span> 
     </span>
     <span class='ocr_line' id='line_1_34' title="bbox 328 3117 1362 3206; baseline -0.008 -17"><span class='ocrx_word' id='word_1_259' title='bbox 328 3124 427 3191; x_wconf 88' lang='lat' dir='ltr'>tibus.</span> <span class='ocrx_word' id='word_1_260' title='bbox 467 3124 584 3206; x_wconf 90' lang='lat' dir='ltr'>quibus</span> <span class='ocrx_word' id='word_1_261' title='bbox 621 3122 801 3186; x_wconf 86' lang='lat' dir='ltr'>consultate</span> <span class='ocrx_word' id='word_1_262' title='bbox 836 3140 1025 3201; x_wconf 89' lang='lat' dir='ltr'>responsum</span> <span class='ocrx_word' id='word_1_263' title='bbox 1054 3124 1117 3202; x_wconf 89' lang='lat' dir='ltr'>est,</span> <span class='ocrx_word' id='word_1_264' title='bbox 1155 3119 1217 3182; x_wconf 87' lang='lat' dir='ltr'>hoc</span> <span class='ocrx_word' id='word_1_265' title='bbox 1245 3117 1362 3182; x_wconf 87' lang='lat' dir='ltr'>idcirco</span> 
     </span>
     <span class='ocr_line' id='line_1_35' title="bbox 331 3201 1362 3290; baseline -0.007 -19"><span class='ocrx_word' id='word_1_266' title='bbox 331 3207 469 3290; x_wconf 85' lang='lat' dir='ltr'>suscipi,</span> <span class='ocrx_word' id='word_1_267' title='bbox 485 3227 554 3271; x_wconf 93' lang='lat' dir='ltr'>non</span> <span class='ocrx_word' id='word_1_268' title='bbox 569 3207 644 3290; x_wconf 87' lang='lat' dir='ltr'>quia</span> <span class='ocrx_word' id='word_1_269' title='bbox 659 3204 853 3271; x_wconf 87' lang='lat' dir='ltr'>rationabile</span> <span class='ocrx_word' id='word_1_270' title='bbox 868 3207 977 3268; x_wconf 86' lang='lat' dir='ltr'>actum</span> <span class='ocrx_word' id='word_1_271' title='bbox 994 3203 1052 3282; x_wconf 90' lang='lat' dir='ltr'>sit,</span> <span class='ocrx_word' id='word_1_272' title='bbox 1071 3204 1126 3268; x_wconf 88' lang='lat' dir='ltr'>sed</span> <span class='ocrx_word' id='word_1_273' title='bbox 1143 3208 1180 3267; x_wconf 88' lang='lat' dir='ltr'>ut</span> <span class='ocrx_word' id='word_1_274' title='bbox 1195 3201 1362 3266; x_wconf 89' lang='lat' dir='ltr'>modorum</span> 
     </span>
    </p>
   </div>
   <div class='ocr_carea' id='block_1_3' title="bbox 328 3418 1362 3627">
    <p class='ocr_par' dir='ltr' id='par_1_4' title="bbox 328 3418 1362 3627">
     <span class='ocr_line' id='line_1_36' title="bbox 398 3418 1362 3541; baseline -0.006 -64"><span class='ocrx_word' id='word_1_275' title='bbox 398 3429 414 3477; x_wconf 82' lang='lat'>4</span> <span class='ocrx_word' id='word_1_276' title='bbox 458 3423 527 3476; x_wconf 86' lang='lat' dir='ltr'>assit</span> <span class='ocrx_word' id='word_1_277' title='bbox 542 3423 586 3488; x_wconf 86' lang='lat' dir='ltr'>N,</span> <span class='ocrx_word' id='word_1_278' title='bbox 611 3422 703 3490; x_wconf 88' lang='lat' dir='ltr'>possit</span> <span class='ocrx_word' id='word_1_279' title='bbox 724 3421 803 3487; x_wconf 81' lang='lat' dir='ltr'>Mai,</span> <span class='ocrx_word' id='word_1_280' title='bbox 844 3428 876 3474; x_wconf 78' lang='lat' dir='ltr'>ar·</span> <span class='ocrx_word' id='word_1_281' title='bbox 897 3435 956 3474; x_wconf 88' lang='lat' dir='ltr'>esse</span> <span class='ocrx_word' id='word_1_282' title='bbox 976 3424 1046 3541; x_wconf 48' lang='lat' dir='ltr'>eost</span> <span class='ocrx_word' id='word_1_283' title='bbox 1069 3418 1146 3472; x_wconf 86' lang='lat' dir='ltr'>illius</span> <span class='ocrx_word' id='word_1_284' title='bbox 1172 3419 1362 3496; x_wconf 64' lang='lat' dir='ltr'>intercisus</span> 
     </span>
     <span class='ocr_line' id='line_1_37' title="bbox 328 3437 1362 3610; baseline -0.009 -64"><span class='ocrx_word' id='word_1_285' title='bbox 328 3492 371 3571; x_wconf 80' lang='lat' dir='ltr'>ut]</span> <span class='ocrx_word' id='word_1_286' title='bbox 391 3492 422 3571; x_wconf 80' lang='lat' dir='ltr'>et</span> <span class='ocrx_word' id='word_1_287' title='bbox 486 3505 555 3544; x_wconf 81' lang='lat' dir='ltr'>corr.</span> <span class='ocrx_word' id='word_1_288' title='bbox 569 3489 635 3570; x_wconf 64' lang='lat' dir='ltr'>Ma}</span> <span class='ocrx_word' id='word_1_289' title='bbox 647 3489 656 3558; x_wconf 84' lang='grc' dir='ltr'>ΙΙ</span> <span class='ocrx_word' id='word_1_290' title='bbox 671 3495 702 3542; x_wconf 79' lang='lat'>12</span> <span class='ocrx_word' id='word_1_291' title='bbox 721 3437 974 3610; x_wconf 51' lang='lat' dir='ltr'>desinitLdesinun</span> <span class='ocrx_word' id='word_1_292' title='bbox 1000 3486 1035 3541; x_wconf 90' lang='lat' dir='ltr'><em>N</em></span> <span class='ocrx_word' id='word_1_293' title='bbox 1043 3501 1113 3542; x_wconf 84' lang='lat' dir='ltr'>corr.</span> <span class='ocrx_word' id='word_1_294' title='bbox 1123 3484 1190 3541; x_wconf 82' lang='lat' dir='ltr'>Mai</span> <span class='ocrx_word' id='word_1_295' title='bbox 1202 3485 1212 3554; x_wconf 77' lang='lat' dir='ltr'>ll</span> <span class='ocrx_word' id='word_1_296' title='bbox 1225 3491 1259 3540; x_wconf 76' lang='lat'>‘20</span> <span class='ocrx_word' id='word_1_297' title='bbox 1272 3501 1362 3552; x_wconf 83' lang='lat' dir='ltr'>suspi-</span> 
     </span>
     <span class='ocr_line' id='line_1_38' title="bbox 329 3556 862 3627; baseline -0.008 -13"><span class='ocrx_word' id='word_1_298' title='bbox 329 3558 456 3614; x_wconf 83' lang='lat' dir='ltr'>tionibus</span> <span class='ocrx_word' id='word_1_299' title='bbox 473 3556 504 3612; x_wconf 86' lang='lat' dir='ltr'><em>N</em></span> <span class='ocrx_word' id='word_1_300' title='bbox 516 3559 526 3627; x_wconf 72' lang='lat' dir='ltr'>l</span> <span class='ocrx_word' id='word_1_301' title='bbox 539 3564 572 3614; x_wconf 79' lang='lat'>23</span> <span class='ocrx_word' id='word_1_302' title='bbox 590 3557 808 3612; x_wconf 88' lang='lat' dir='ltr'>1nccunctanter</span> <span class='ocrx_word' id='word_1_303' title='bbox 856 3596 862 3610; x_wconf 91' lang='lat'><strong><em>.</em></strong></span> 
     </span>
    </p>
   </div>
   <div class='ocr_carea' id='block_1_4' title="bbox 0 0 1610 4162">
    <p class='ocr_par' dir='ltr' id='par_1_5' title="bbox 0 0 1610 4162">
     <span class='ocr_line' id='line_1_39' title="bbox 0 0 1610 4162; baseline 0 2"><span class='ocrx_word' id='word_1_304' title='bbox 0 0 1610 4162; x_wconf 95' lang='lat' dir='ltr'> </span> 
     </span>
    </p>
   </div>
  </div>
 </body>
</html>
