3210 4162
303 267 346 332 68
540 263 883 320 vmsnuuanorus
901 263 1098 320 annonas.

303 419 425 501 locum,
461 418 618 502 quaedam
652 421 782 501 tempus
817 417 998 501 designant.
1043 438 1115 483 oum
1145 416 1225 482 diois
1252 421 1330 499 tom,

302 508 431 586 tempus
453 503 633 586 signifieat,
658 505 692 566 at
708 523 780 566 oum
796 500 878 565 dicis
894 507 967 582 tuo,
989 501 1095 564 locum
1112 501 1271 579 ostendit,
1294 505 1331 564 ut

304 587 403 652 Cato
426 589 552 666 utrique
573 588 610 649 to
627 585 775 650 Taurum
797 589 898 649 coetos
919 586 1085 649 condixere
1099 589 1250 666 moutam,
1273 588 1332 648 toa

300 691 486 752 poyaooere
507 675 606 734 totum
628 669 744 733 collecti
760 669 928 750 paediam.
963 669 1010 732 sio
1032 669 1130 732 etiam
1146 688 1204 733 ooo
1220 668 1331 732 aduer-

276 755 392 817 sbium
423 758 472 817 est
498 774 559 836 pro
588 752 664 816 ittae
685 750 882 815 Marcello
912 752 1071 815 scribente
1092 755 1134 817 ue
1156 772 1214 816 ooo
1236 772 1332 816 arona

296 839 407 919 ponite
421 857 516 902 aereo
530 839 642 900 secrete
657 837 780 900 eastris.
804 839 837 897 et
852 835 931 897 haee
948 835 1119 899 coniuncta
1135 835 1198 898 duo
1213 839 1332 899 toocoa

302 921 490 984 aduerbium
512 918 735 983 similitudinis
757 917 884 982 faciunt
898 940 956 1001 pro
972 922 1128 999 tuaquom
1142 920 1234 982 iuxta
1250 916 1331 980 illud

302 1003 455 1068 Lucani
483 1008 512 1069 et
533 1003 672 1085 populos
699 1007 816 1068 tuoooo
842 1022 932 1067 mora
953 1003 1112 1083 [ludaeos
1133 1001 1332 1067 consternari

300 1088 375 1168 feeit
401 1093 531 1154 terram.
577 1091 748 1168 tanquam:
783 1086 830 1149 sio
859 1086 923 1149 dici
952 1084 1047 1150 debet
1075 1087 1158 1149 siout
1184 1087 1331 1168 superius

264 1195 290 1234 ro
303 1171 510 1252 exposuimus
537 1171 573 1233 in
600 1168 867 1251 pronominibus,
898 1189 940 1232 ne
968 1169 1050 1232 duae
1078 1170 1176 1233 simul
1202 1169 1331 1232 uocales

303 1254 344 1317 ab
366 1254 525 1337 imperitis
547 1253 768 1318 aestimentur.

389 1337 494 1401 Omne
510 1335 711 1416 aduerbium,
724 1335 810 1418 quod
826 1356 845 1397 a
859 1335 990 1398 nomine
1004 1335 1164 1412 nascitur,
1187 1336 1223 1398 in
1239 1356 1332 1418 quas·

303 1441 413 1484 sorum
429 1420 656 1503 conpositione
672 1424 798 1482 ueteres
814 1419 1001 1481 nominibus
1014 1420 1236 1503 adiungebant
1248 1419 1332 1482 sieut

303 1503 480 1590 Glengus
497 1503 625 1566 dicebat
646 1504 701 1566 uir
722 1505 759 1567 a’a
781 1503 848 1566 oete
864 1503 989 1581 fortiter
997 1523 1059 1585 pro
1077 1504 1166 1567 domo
1182 1503 1290 1566 tiberis
1304 1506 1332 1566 ot

263 1611 289 1651 15
302 1588 403 1668 eapite
420 1591 562 1670 pupout,
585 1607 653 1649 non
676 1590 785 1650 autem
806 1586 931 1667 fortiter
947 1592 1089 1669 papate,
1112 1587 1166 1650 sed
1188 1588 1245 1651 uir
1264 1586 1331 1667 for-

303 1672 384 1735 titer.
430 1676 507 1734 sunt
534 1669 688 1734 aduerbia
716 1691 798 1753 quae
827 1672 985 1752 putantur
1008 1692 1077 1734 esse
1098 1671 1233 1734 nomina
1254 1691 1332 1733 neu·

301 1753 413 1835 tralia,
442 1754 498 1817 sed
526 1775 592 1816 non
622 1755 699 1816 sunt
726 1756 763 1815 ut
791 1754 880 1833 torpe
902 1774 1003 1835 propo
1024 1775 1142 1819 uacasse
1161 1754 1259 1836 fosite
1280 1755 1331 1817 de·

301 1836 396 1919 ficita,
433 1837 489 1901 sed
525 1839 635 1899 tamen
674 1836 750 1917 quia
786 1836 895 1915 facitis
934 1841 967 1899 et
999 1838 1129 1920 deficitis
1162 1836 1332 1917 sepissime

302 1920 543 2002 repperiuntur,
566 1940 632 1983 non
655 1918 838 1982 mirandum
862 1923 949 1999 erat,
972 1921 999 1982 si
1022 1921 1118 1983 etiam
1140 1920 1333 1984 neutraliter

263 2029 290 2069 ao
299 2003 395 2082 faetta
410 2009 439 2067 et
453 2003 571 2086 deficite
590 2002 801 2080 inueniretur,
822 2002 887 2064 nisi
903 2004 1060 2066 Aeneas
1075 2004 1135 2067 hoo
1150 2004 1221 2066 fieri
1236 2024 1331 2086 posse

301 2090 446 2168 negaret.
479 2086 559 2148 haee
582 2085 735 2148 aduerbia
749 2084 847 2148 fortia
862 2089 954 2165 sunt,
977 2107 1058 2168 quae
1073 2087 1213 2150 neutrali
1229 2085 1329 2149 uerbo

370 2323 411 2370 12.
433 2319 505 2372 Eae.
528 2318 615 2372 Bora.
632 2321 698 2382 198,
721 2323 755 2371 11
774 2323 800 2372 et
819 2319 901 2374 Letd,
920 2319 942 2384 f.
959 2322 1018 2372 761.ι
1048 2319 1138 2374 Omne
1160 2319 1329 2374 adverbium

301 2446 334 2455 —
359 2432 501 2493 passorum
522 2445 557 2455 -
581 2417 640 2469 aoie
664 2416 776 2470 fortiter
800 2417 874 2486 (finit
892 2417 934 2487 B)
958 2387 1023 2488 glen
1044 2436 1077 2472 us
1104 2449 1136 2458 —
1163 2421 1206 2472 vis
1229 2449 1262 2458 -
1285 2419 1330 2472 vir

301 2482 413 2536 fortrter
431 2483 488 2550 (L).
578 2488 617 2538 16.
635 2483 706 2538 Eae.
726 2484 814 2540 Bora.
832 2488 885 2538 198
922 2488 960 2538 20
982 2491 1007 2538 et
1053 2486 1106 2539 aid.
1124 2487 1145 2552 f.
1164 2489 1226 2540 76⁸³:
1257 2485 1330 2539 Sunt

301 2548 609 2684 {flggssb{2)ss.ffifl⁰i¹⁰
633 2550 673 2614 (Β
695 2565 811 2618 semper,
836 2525 952 2605 distein
976 2552 1014 2618 a)
1033 2582 1064 2592 -
1083 2553 1279 2607 invenirentur
1296 2582 1330 2594 -

369 2853 384 2899 2
403 2846 533 2916 significa
549 2849 578 2902 P
595 2850 606 2915 1
622 2847 754 2916 designat
771 2839 901 2914 effi
915 2850 950 2903 N
963 2851 972 2916 1
990 2856 1005 2904 3
1028 2852 1254 2906 cato-montem
1277 2867 1328 2905 om.

299 2946 358 3013 Νι
375 2953 391 2999 4
408 2916 536 3017 fidem
553 2948 589 3000 u
603 2949 613 3014 ιι
630 2953 645 3000 a
668 2949 699 3000 es
721 2965 772 3018 pro
794 2950 863 3003 mua
885 2950 925 3003 ite
943 2950 977 3003 N
990 2952 1001 3018 ιι
1019 2967 1083 3005 ama
1099 2953 1128 3006 P
1144 2954 1154 3020 ιι
1172 2960 1187 3006 a
1207 2968 1275 3007 aera
1291 2953 1328 3018 P,

301 3023 378 3100 aba*
394 3045 448 3113 Νι
460 3047 545 3099 serite
565 3047 585 3110 (i
604 3061 673 3101 aar.
687 3063 728 3101 ea.
743 3050 769 3116 e)
787 3049 840 3118 Νι
853 3050 956 3103 natas
973 3051 1014 3116 P,
1031 3032 1129 3118 nauata
1141 3052 1174 3105 Ν
1185 3054 1195 3119 ιι
1208 3052 1318 3106 ethaeo

300 3127 353 3165 uec
370 3112 404 3165 N
413 3113 423 3180 11
437 3129 491 3165 eun
509 3114 543 3167 N
557 3114 647 3180 116-8
666 3114 722 3168 duo
740 3117 848 3169 tunoun
866 3116 895 3168 in
913 3132 991 3170 mare
1009 3117 1043 3170 N
1052 3120 1089 3187 17
1108 3120 1256 3187 tamquam
1274 3120 1318 3188 ΡΙ

300 3216 316 3264 8
334 3211 467 3288 tunacon
485 3213 513 3289 If
525 3214 535 3280 11
548 3218 564 3265 9
582 3214 688 3266 terram
700 3228 751 3267 om.
765 3214 800 3267 N
808 3216 818 3283 1
831 3195 920 3270 debit
937 3216 970 3269 N
980 3218 990 3284 11
1003 3217 1046 3272 ef.
1060 3235 1101 3276 ae.
1115 3219 1189 3273 siout
1200 3235 1232 3272 su
1254 3220 1330 3273 erius

301 3292 481 3345 exposmmus
499 3296 518 3330 1.
537 3278 677 3346 1).Ν1110
694 3296 748 3333 neo
766 3281 840 3334 duae
858 3298 879 3339 s.
896 3282 942 3352 Vn
955 3284 1067 3338 vocales
1084 3287 1103 3339 i.
1117 3303 1141 3354 q.
1162 3237 1303 3340 voeabula
1314 3287 1326 3354 11

301 3382 333 3430 12
355 3376 600 3456 omna-nascitur
617 3393 667 3432 om.
685 3378 721 3432 N
733 3382 744 3448 11
762 3360 928 3459 ᾳυαεςὲτυω
950 3383 984 3437 N
998 3386 1009 3451 11
1028 3391 1058 3440 13
1070 3385 1089 3443 f.
1113 3386 1274 3439 nominibus
1297 3386 1332 3508 gp

299 3444 384 3511 corr.)
406 3445 602 3514 adrungebant
629 3447 741 3501 veteres
764 3450 798 3501 ut
819 3466 863 3501 vir
884 3449 919 3502 N
938 3456 984 3505 eet.
1008 3466 1058 3506 ona.
1076 3454 1136 3521 1120
1158 3453 1275 3509 difficile

299 3516 389 3565 cetero
406 3513 535 3580 aequasi
553 3512 629 3567 dieas
647 3528 699 3570 om.
