3210 4162
308 283 351 347 74
541 278 695 334 VIRGILII
713 278 880 334 MARONIS
898 277 1096 333 ΕΡΙΤΟΜΑΕ.

308 433 492 497 Lucanus
509 432 605 496 etiam
621 431 659 496 de
675 432 886 496 inbecillitate
902 431 1079 498 Tuscorum
1094 430 1238 494 scribens
1250 431 1335 495 enim

307 517 415 600 inquit
435 517 549 580 maltos
562 518 680 581 uiuant
693 537 811 598 canos,
833 537 898 579 noa
912 536 945 580 se
958 535 1111 592 umquam
1126 515 1335 579 vindicabant

308 601 369 663 hoc
386 603 435 663 est
449 600 479 663 si
491 600 619 664 uiuunt.
651 602 803 680 quonlam
818 600 846 662 si
861 600 924 664 duo
940 601 1040 662 uerba
1056 599 1141 662 circa
1158 619 1192 661 se
1205 598 1333 673 habeat,

308 683 517 747 subiunctnm
546 704 646 745 unum
677 683 777 766 priori
805 683 904 746 faciet
933 687 965 746 et
997 703 1134 765 sequens
1166 681 1336 745 antecedet

280 789 295 829 a
309 766 492 850 Sulpicio
507 767 667 830 scribente
684 768 849 848 iurabant,
871 768 1024 847 quoniam
1047 765 1260 842 debellabaat;
1281 763 1335 826 hie

309 853 359 914 est
384 850 463 913 ordo
490 851 558 914 idco
583 850 792 933 debellabant,
821 852 973 931 quoniam
1001 848 1167 914 iurabant.
1209 849 1336 928 quidm

309 934 389 997 duas
413 933 603 997 efficientias
626 933 739 1016 habet,
768 938 824 997 aut
851 935 936 996 enim
964 932 1123 996 anteactis
1151 932 1260 995 uerbis
1282 930 1335 994 uel

308 1018 457 1100 personis
490 1019 624 1100 paratur
652 1021 708 1080 aut
735 1020 890 1101 proponit
917 1016 1111 1081 sententiam
1139 1016 1192 1078 uel
1223 1014 1336 1079 confir·

309 1101 430 1164 matiuo
458 1101 510 1163 uel
539 1100 727 1164 distructiuo
751 1102 846 1164 modo
869 1105 902 1164 et
923 1100 1138 1183 respondetur
1160 1101 1190 1162 ei
1212 1098 1266 1162 uel
1288 1120 1336 1161 re·

268 1205 296 1244 ro
310 1183 452 1246 uincitur
480 1205 500 1245 a
526 1183 646 1246 talibus
674 1183 957 1248 coniunctionibus
985 1184 1048 1247 hoc
1076 1185 1126 1246 est
1153 1183 1208 1246 sed
1229 1188 1336 1248 tamea

309 1271 415 1332 cutem
442 1287 554 1332 aarum
583 1287 667 1333 uero.
705 1269 759 1332 secl
787 1269 870 1332 siin
893 1268 999 1332 medio
1022 1266 1201 1330 testimonii
1224 1265 1334 1346 fuerit,

308 1351 447 1413 maxime
470 1349 556 1433 quod
578 1349 676 1413 habet
698 1351 794 1415 aliam
815 1352 1077 1416 coniunctionem
1092 1350 1126 1413 in
1143 1371 1254 1431 sensu,
1276 1370 1336 1432 pro

308 1437 414 1498 tumea
443 1434 629 1516 accipietur.
666 1437 715 1496 est
737 1435 911 1499 etiamsed
937 1433 1165 1515 additamenti,
1195 1432 1248 1498 eui
1271 1453 1336 1496 nort

307 1517 424 1594 solum,
455 1537 521 1580 aaa
548 1521 691 1599 tantam,
718 1538 784 1582 aon
812 1521 902 1583 modo
925 1518 977 1581 uel
1001 1520 1243 1602 anteponentur
1270 1515 1333 1592 uel,

269 1624 295 1662 ra
308 1599 436 1663 etiamsi
470 1620 538 1664 non
572 1599 680 1681 litera,
720 1606 806 1665 certe
840 1623 937 1665 sensu
974 1604 1218 1683 praestruantur
1253 1599 1336 1663 sicut

308 1682 463 1747 Istrius
491 1684 551 1747 ait:
584 1686 687 1749 omnis
715 1685 806 1749 homo
830 1690 929 1766 prout
950 1686 1052 1763 ualet,
1079 1685 1163 1749 altat
1182 1683 1334 1764 pericula,

307 1766 363 1830 sed
383 1771 413 1830 et
432 1786 511 1832 saue
531 1769 617 1831 ultae
637 1770 763 1847 quaml
783 1771 954 1847 commodo.
988 1767 1041 1830 hic
1055 1768 1143 1830 enim
1159 1770 1210 1829 est
1224 1786 1336 1829 sensus

307 1868 372 1913 aon
393 1849 492 1915 solam
514 1850 573 1915 illu
596 1852 694 1931 attat,
717 1853 771 1916 secl
791 1853 888 1916 etlam
908 1854 973 1916 lala
992 1853 1127 1931 qaaerit.

608 2008 761 2134 (11.)'De
783 2049 1031 2133 praepositione.

395 2178 444 2242 De
467 2181 707 2263 praepositione
729 2204 834 2264 pauca
848 2182 984 2247 dicenda
999 2185 1086 2245 sunt.
1118 2202 1230 2245 omnes
1247 2182 1334 2244 enim

266 2295 294 2334 20
308 2263 579 2344 praepositiones,
601 2286 682 2348 quae
705 2267 887 2330 accusatiuo
908 2267 1011 2330 caesui
1027 2267 1188 2347 seruiunt,
1211 2265 1244 2328 in
1261 2265 1333 2328 aliis

308 2345 480 2409 latinitatis
502 2349 677 2428 generibus
699 2370 757 2431 pro
780 2351 922 2413 inuicem
944 2351 1133 2431 plerumque
1156 2351 1333 2411 motantur.

307 2428 448 2510 legimus
470 2431 557 2493 enim
580 2450 642 2495 con
664 2432 898 2496 Gratianum
927 2451 1027 2496 auaes
1050 2433 1139 2513 apud
1160 2451 1249 2495 mare
1274 2451 1333 2496 aa·

306 2512 465 2593 stipabant
483 2512 546 2576 hoc
566 2517 615 2576 est
623 2535 683 2596 per
697 2536 803 2594 mare,
827 2520 860 2579 et
875 2516 953 2578 alibi
968 2517 1124 2579 demorati
1140 2516 1334 2595 aliquandiu

376 2733 400 2779 3.
419 2727 491 2781 Eae.
509 2704 596 2780 Bora.
608 2731 676 2795 201,
694 2733 712 2783 9
729 2735 755 2783 et
773 2730 855 2783 Laid.
867 2731 889 2796 f.
901 2734 961 2783 81⁸.-
988 2728 1128 2794 Quoniam
1146 2745 1211 2782 eum
1228 2758 1262 2768 —
1280 2729 1333 2782 hoo

306 2798 351 2846 est
368 2792 419 2860 (B)
440 2824 472 2833 —
490 2792 637 2848 bellabant
655 2824 688 2834 -
706 2796 847 2853 iurabant.

378 2982 391 3028 1
416 2974 535 3029 uleanus
557 2977 586 3029 P
606 2980 616 3045 ΙΙ
637 2977 818 3032 inbicillitate
841 2980 895 3046 ΡΙΙ
915 2983 945 3033 et
967 2979 1072 3033 iterum
1096 2980 1221 3033 scribens
1240 2979 1275 3032 N
1289 2980 1299 3045 ΙΙ
1318 2983 1333 3030 1

306 3040 404 3094 vivant
417 3044 458 3109 (v,
469 3058 505 3119 aa
517 3044 597 3110 corr.)
613 3044 647 3097 N
655 3045 781 3122 sequitur
799 3047 829 3098 et
846 3047 888 3099 ait
905 3045 1042 3100 iurabant
1054 3048 1064 3115 u
1077 3062 1237 3112 unusquam
1254 3046 1282 3098 P
1294 3046 1334 3113 114

306 3108 410 3226 ppparpp
424 3124 504 3242 {uliud
512 3109 551 3226 f.P
563 3111 1057 3246 1tupdppmtomgsprpleelppllllrappptllvaen
1068 3112 1259 3233 ixeiiantet
1274 3110 1333 3246 [Nll

305 3245 322 3294 8
341 3239 519 3294 confirmatio
537 3193 568 3293 1q
577 3242 587 3309 ΙΙ
603 3249 632 3296 15
651 3195 764 3297 etaient
781 3244 834 3322 Nu
849 3252 880 3298 16
898 3225 1006 3298 Estriirs
1024 3246 1086 3299 ΡΝ
1099 3245 1165 3310 fort.
1182 3244 1306 3297 Histrins
1324 3247 1328 3311 l

306 3307 370 3359 vale
393 3306 422 3359 P
437 3308 448 3373 ΙΙ
467 3312 497 3360 17
525 3311 666 3374 quomoda
688 3310 746 3378 Nt
764 3326 840 3364 emm
862 3326 914 3368 om.
939 3312 996 3380 Nl}
1015 3318 1047 3366 18
1070 3312 1166 3381 sensu]
1191 3327 1253 3364 essu
1277 3311 1305 3363 P
1327 3313 1331 3379 1

306 3387 413 3441 riuis·
432 3379 531 3444 INCIP
550 3390 597 3443 ua
615 3380 832 3448 Pnosrnons
854 3394 889 3446 nr
908 3396 918 3463 ιι
937 3401 967 3448 ro
991 3395 1129 3448 ‹ie-sune
1150 3409 1201 3452 om.
1224 3395 1258 3448 n
1272 3395 1283 3463 ll
1300 3401 1333 3450 20

305 3471 387 3507 cassu
405 3458 445 3533 P’.
460 3457 535 3510 casui
553 3458 587 3510 N
595 3461 606 3527 t
618 3465 649 3512 11
668 3462 817 3514 mutantur
833 3461 867 3514 Ν
872 3465 878 3496 ¹
892 3462 902 3528 ΙΙ
915 3468 948 3515 11
967 3478 1021 3515 eon
1032 3463 1060 3516 P
1073 3464 1082 3530 l!
1095 3460 1157 3516 111.
1175 3462 1333 3531 legimus—

305 3521 446 3576 demoratr
464 3537 515 3581 om.
533 3524 572 3578 N.
