3210 4162
221 272 262 338 98
637 268 832 324 erenumx.

221 427 285 502 est,
309 422 396 488 facia
417 422 595 488 similitudo
617 423 652 487 in
674 423 808 507 pictura.
847 423 937 505 origo
961 422 1098 506 originis
1117 421 1246 488 initium

220 512 283 589 est,
312 510 347 572 at
368 509 460 592 origo
482 508 629 592 origenis
651 516 803 572 neutrum
826 512 874 571 est
897 511 929 571 et
951 511 1001 571 est
1022 507 1130 571 uelum
1152 509 1247 572 nauis

220 595 253 656 et
280 591 379 655 habet
405 591 441 654 in
469 591 588 674 plurali
610 611 744 654 numero
767 591 913 673 origene.
951 593 1103 655 canterus
1126 591 1247 654 animal

220 678 283 756 est,
312 677 464 738 cantaros
493 678 626 739 cantara
654 674 790 738 dicimus
822 673 1015 738 domuncula
1043 673 1246 738 conclauium

197 758 348 840 cdomus,
372 757 570 823 domicilium
585 758 697 821 nidum
713 759 792 822 auis.
828 759 983 821 diluuium
1002 757 1173 821 inundatio
1189 758 1247 820 im·

218 842 385 905 moderata
400 862 519 925 aquae,
535 840 697 905 dcluuium
712 841 924 905 sanctificatio
940 843 999 904 est.
1033 841 1120 905 inter
1134 861 1246 922 opera·

218 927 340 988 tionem
368 927 402 988 et
422 945 503 1008 opus
527 928 559 989 et
581 945 713 1007 operam
735 924 798 988 hoc
819 924 956 988 interest
978 945 1074 1008 quam
1098 924 1246 1007 operatio

219 1008 420 1092 singulorum
443 1010 511 1090 est,
535 1028 614 1091 opus
637 1008 787 1090 generale
810 1012 863 1072 est
881 1007 969 1072 omni
992 1007 1115 1091 officio3
1145 1029 1246 1091 opera

219 1094 326 1156 autem
354 1091 511 1176 singulari
540 1111 675 1156 numero
700 1091 862 1155 laboriosa
884 1092 1067 1155 sollicitudo
1090 1095 1141 1154 est
1184 1113 1245 1156 uae

179 1203 205 1244 ro
217 1176 389 1259 praecipue
416 1175 559 1238 animam
588 1176 721 1238 cruciat.
759 1174 820 1238 EX
841 1173 1039 1239 EPITOMA
1061 1173 1118 1238 Vl.
1156 1113 1246 1238 dnter

216 1279 337 1322 nomen
359 1261 393 1321 et
413 1278 595 1340 pronomen
617 1258 680 1322 hoc
702 1259 838 1322 interest
859 1257 941 1341 quod
965 1277 1144 1340 pronomen
1161 1278 1245 1321 eoru·

215 1342 384 1426 paratione
405 1362 518 1406 carens
538 1362 710 1425 personam
725 1341 823 1406 habet
836 1346 873 1405 ut
892 1362 952 1424 ego
973 1345 1009 1404 tu
1029 1340 1102 1423 ille3
1124 1361 1243 1405 nomen

215 1427 323 1489 autem
346 1445 488 1508 persona
510 1425 637 1489 abiecte
660 1425 934 1507 comparationem
957 1425 1074 1508 recipit
1096 1427 1133 1488 ut
1149 1445 1243 1489 carus

216 1508 318 1574 carior
346 1509 539 1576 carissimus.
571 1508 711 1592 legimus
738 1508 825 1572 flecti
851 1508 915 1572 mei
943 1509 994 1571 uel
1018 1509 1080 1571 mis
1102 1506 1157 1571 sed
1181 1511 1244 1572 mis

179 1613 205 1654 ic
218 1591 336 1656 dicitur
358 1592 421 1655 nisi
445 1591 485 1656 de
508 1613 546 1655 ea
567 1613 602 1655 re
625 1613 720 1676 quam
740 1593 821 1655 mihi
836 1593 877 1655 ab
892 1592 1000 1674 aliquo
1016 1591 1243 1673 repromissam

216 1695 308 1759 spero
330 1679 534 1753 coepturam,
558 1676 621 1739 mei
642 1679 751 1740 autem
767 1677 806 1738 de
822 1696 860 1739 ea
874 1696 909 1739 re
924 1696 1019 1759 quam
1034 1677 1072 1739 ad
1090 1695 1244 1758 praesens

214 1759 372 1842 possideo.
396 1758 457 1823 EX
476 1758 674 1823 ΕΡΙΤΟΜΑ
690 1757 749 1823 XI.
773 1758 854 1833 Quid
865 1759 1001 1822 interest
1011 1759 1099 1822 inter·
1109 1758 1242 1823 uerbum

216 1847 249 1906 et
270 1862 454 1906 sermonem
477 1845 510 1905 et
532 1842 726 1906 sententiam
751 1845 784 1905 et
804 1841 963 1925 loquelam
987 1841 1242 1924 orationemque.

215 1926 349 1988 uerbum
372 1925 422 1989 est
443 1946 539 1989 omne
562 1924 646 2007 quod
662 1926 775 2009 lingua
789 1926 953 2008 profertur
968 1928 1001 1987 et
1016 1946 1103 1988 uoce.
1138 1945 1243 1989 sermo

176 2033 202 2074 rc
215 2012 323 2072 autem
352 2008 443 2073 cuius
472 2030 593 2073 nomen
615 2029 655 2072 ex
677 2007 802 2072 duobus
824 2007 932 2072 uerbis
955 2009 1170 2090 compositum
1194 2013 1244 2073 est

215 2091 278 2155 hoc
307 2094 357 2154 est
386 2090 522 2155 serendo
551 2094 585 2154 et
611 2091 772 2154 monendo
800 2093 960 2174 comptior
982 2111 1019 2154 ac
1042 2091 1241 2174 diligentior.

215 2174 377 2238 sententia
397 2194 476 2238 uero
499 2194 581 2257 quae
601 2195 697 2238 sensu
715 2175 906 2258 coneipitur.
939 2195 1035 2258 porro
1050 2173 1177 2257 loquela
1194 2178 1243 2238 est

214 2259 364 2341 quoniam
401 2278 474 2321 cum
504 2257 640 2340 quadani
670 2257 855 2341 eloquentia
883 2258 1033 2321 dictionis
1062 2257 1140 2320 ordo
1168 2278 1242 2341 pro-

212 2341 342 2404 texitur.
386 2341 491 2404 oratio
522 2346 572 2405 est
599 2342 728 2425 quando
758 2362 858 2423 usque
887 2342 927 2404 ad
955 2362 1109 2405 manuum
1138 2350 1240 2404 artem

174 2446 200 2488 ac
213 2424 415 2487 describendi
438 2427 510 2487 orat
531 2423 620 2506 prius
643 2445 750 2488 sermo
778 2426 977 2508 praeueniat.
1014 2423 1053 2487 In
1075 2422 1154 2488 1111.
1176 2425 1241 2507 epi·

212 2512 309 2572 torna.
356 2505 441 2571 male
478 2507 606 2591 quidam
641 2507 784 2590 loquelas
818 2507 852 2571 in
887 2508 1067 2572 elocutione
1101 2507 1241 2590 intelligi

211 2591 327 2654 uolunt
349 2591 439 2654 cuius
462 2591 589 2674 loquele
610 2612 669 2674 per
693 2613 729 2654 ·e·
753 2594 787 2655 et
809 2591 840 2653 ·l·
864 2613 965 2655 unum
989 2589 1178 2654 scribendae
1199 2591 1240 2654 ad

211 2673 388 2756 perfectam
412 2673 579 2756 pertinent
601 2673 850 2755 eloquutionem.
885 2673 923 2737 In
939 2673 1032 2738 VIIl.
1049 2674 1152 2737 clamo
1176 2674 1238 2737 cla·

211 2756 310 2820 moris
338 2756 495 2839 simplicis
523 2759 582 2821 est.
622 2757 787 2821 conclamo
817 2758 912 2821 simul
941 2778 1013 2821 eum
1044 2757 1155 2820 multis
1178 2761 1240 2840 est,

172 2861 199 2902 ao
212 2839 309 2905 etiam
332 2840 475 2904 acclamo
500 2861 572 2904 cum
594 2839 679 2904 falso
702 2839 841 2924 aliquem
863 2860 978 2905 accuso
999 2841 1083 2904 sicut
1097 2839 1239 2906 Cicero

212 2924 250 2988 de
278 2925 371 3007 proui
405 2923 529 3005 pressio
562 2923 609 2987 ait
647 2923 735 2986 ‘solis
767 2926 922 2988 innocens
953 2924 1239 2988 acclamationibus

210 3009 344 3090 punitus
372 3012 443 3070 est’.
479 3007 620 3071 reclamo
642 3006 782 3090 aliquem
806 3011 974 3071 exeuntem
997 3007 1162 3084 uocitans‚
1190 3009 1238 3070 iu-

211 3091 314 3154 clamo
339 3094 372 3154 et
393 3091 555 3154 succlamo
578 3092 799 3154 murmurandi
820 3095 883 3170 est,
907 3091 1071 3173 proclamo
1086 3090 1237 3154 laudandi

210 3172 261 3236 uel
291 3173 504 3256 depraecandi
533 3173 697 3237 exaltatio
741 3174 884 3238 declamo
913 3173 1154 3254 rethoricando,
1186 3195 1238 3237 ex·

171 3256 312 3320 acclamo
335 3257 464 3338 quando
487 3277 547 3339 pro
570 3257 694 3319 uiribus
716 3277 828 3320 uocem
844 3258 945 3321 eleuo.
983 3257 1066 3320 salto
1083 3256 1237 3340 gaudium

211 3359 281 3402 cum
306 3339 445 3423 quodam
461 3340 677 3404 membrorum
693 3345 783 3404 motu
798 3343 1015 3424 praetendens
1031 3340 1086 3404 sed
1102 3343 1133 3404 in
1153 3361 1237 3405 com-

210 3460 414 3469 ..m———u———n

278 3527 310 3574 16
329 3521 366 3590 ‘ll
379 3529 412 3577 23
431 3521 497 3592 qud.
